2004 3691
362 262 504 359 296
743 264 1350 335 T.L1r11

143 394 341 441 εει-ι
360 380 562 445 tebant
611 380 834 463 patricii
879 378 1207 463 plebeiiqne
1250 402 1267 441 t
1312 378 1378 440 P.
1432 373 1763 451 Cornelius'

145 463 361 565 sugg:
372 459 486 523 Cn.
513 459 664 522 filius
693 459 892 543 Scipio
909 506 929 535 ,
951 464 1053 545 qui
1085 480 1159 521 ex
1188 459 1468 543 Hispania
1508 460 1763 541 provin-

369 546 458 603 cia
491 562 677 623 nuper
722 540 1030 602 decess'erat
1062 544 1285 623 magnis
1316 541 1503 603 rebus
1588 538 1760 609 estis,

355 624 461 687 ·&.
479 620 546 683 L.
575 620 856 702 Quintius
897 621 1247 682 Flamininus
1269 666 1293 693 ,
1336 623 1437 703 qui
1498 560 1667 679 cfiffi
1705 618 1764 676 in

373 699 604 773 Graecia
638 700 968 783 praefuerat,
991 703 1059 764 &
1089 698 1203 763 Cn.
1236 700 1505 761 Manlius
1524 696 1725 760 Vulso
1749 718 1770 771 ;

371 782 436 843 bi
463 782 686 862 patricii
719 804 734 843 ε
774 782 987 864 plebeii
1020 798 1211 842 autem
1249 778 1322 841 C.
1350 780 1580 841 Laelius
1602 822 1625 851 ‚
1656 774 1771 837 Cn.

376 860 678 923 Domitius
707 906 727 935 ‚
777 859 852 923 C.
906 861 1102 924 Livius
1144 860 1427 923 Salinator
1449 904 1470 933 ,
1519 858 1773 920 Manius
1834 891 1839 893 -

379 941 604 1004 Acilius
635 964 652 1002 ι
689 938 789 1003 sed
826 944 1088 1003 omnium
1132 944 1307 1004 oculi⁵
1330 944 1393 1001 in
1434 940 1775 1020 Quintium

384 1020 730 1084 Cornelium
769 1044 844 1083 ue
879 1020 1124 1101 conjeffi
1155 1045 1175 1098 ;
1208 1042 1344 1083 nam
1378 1023 1445 1083 ὅ(
1482 1026 1554 1081 in
1588 1038 1777 1079 unum

387 1104 586 1165 locum
613 1045 883 1186 pete‘bant
915 1102 1353 1185 ambo,patricii
1372 1145 1393 1175 ‚
1427 1102 1494 1163 δι
1538 1102 1636 1160 rei
1666 1100 1781 1159 mi·

385 1184 559 1245 lituris
597 1184 778 1266 gloria
813 1202 1013 1243 recens
1046 1199 1353 1263 utrumque
1376 1179 1779 1243 commenda-

309 1264 316 1271 ’
386 1265 506 1325 bat.
541 1262 823 1324 Ceterum
843 1279 974 1323 ante
1008 1265 1205 1322 omnia
1240 1280 1543 1324 certamen
1576 1280 1781 1321 accen-

390 1344 605 1404 debant
630 1344 832 1404 fratres
871 1342 1336 1416 candidatorum,
1374 1342 1491 1403 duo
1534 1338 1779 1402 clar-iffi·-

389 1426 473 1485 mi
507 1426 686 1483 aetatis
707 1414 816 1483 su'ae
837 1424 1235 1505 imperatores.
1266 1420 1463 1503 Major
1490 1423 1697 1505 gloria
1718 1422 1775 1481 in

391 1501 664 1642 Secifione
697 1527 717 1578 3
754 1504 819 1565 δι
838 1505 1019 1599 ’51⁰²’
1044 1500 1271 1583 major,
1302 1504 1376 1563 eb
1410 1506 1671 1587 propior
1694 1504 1779 1561 in-

393 1604 456 1645 vi
501 1604 655 1644 iam:
749 1600 910 1645 mntn
937 1586 1343 1659 recentior,ut
1409 1586 1469 1644 ui
1500 1605 1586 1645 eo
1620 1602 1775 1643 anno

393 1666 607 1746 ttiump
727 1680 803 1725 et.
836 1660 1173 1725 Accedebat
1191 1710 1211 1741 ,
1290 1665 1367 1726 nb
1430 1665 1576 1725 alter
1611 1664 1775 1725 deci-

397 1764 562 1806 mum
597 1744 716 1824 jam
792 1746 934 1827 rope
959 1752 1175 1806 atinum
1210 1688 1453 1806 affiduus
1491 1748 1552 1805 in
1585 1744 1775 1806 oculis

398 1826 706 1886 hominum
767 1842 924 1886 uerat
958 1849 978 1900 ;
1019 1848 1153 1908 quae
1179 1849 1269 1888 res
1326 1824 1510 1888 miniis
1555 1839 1774 1890 veren-

402 1907 513 1968 dos
542 1927 780 1992 magnos
817 1907 1083 1968 homines
1112 1909 1239 1988 ipsa
1287 1905 1537 1968 satietate
1582 1907 1725 1984 facit
1754 1926 1771 1968 z

403 1984 606 2047 consul
639 1989 844 2046 iterum
881 1985 1011 2069 post
1046 1987 1335 2048 dev-ieiuna
1372 1988 1771 2057 Annibalem,

394 2064 721 2148 'censorque
755 2065 957 2127 fuerat.
995 2065 1065 2127 In
1100 2067 1351 2146 Quintio
1386 2090 1542 2130 nova
1582 2071 1651 2131 &
1682 2088 1773 2126 re-

406 2148 600 2208 centia
626 2150 822 2207 omnia
851 2147 926 2208 ad
969 2149 1205 2228 gratiam
1243 2166 1403 2208 erant
1435 2171 1451 2209 t
1485 2150 1631 2209 nihil
1667 2167 1771 2208 nec

403 2228 650 2309 petierat
690 2249 725 2286 a
769 2227 990 2309 populo
1086 2225 1174 2288 ost
1224 2229 1578 2310 triumphum
1606 2272 1626 2302 ‚
1668 2236 1771 2288 hec

408 2307 653 2391 adeptus
683 2325 802 2368 erat
831 2329 846 2368 :
877 2309 988 2368 Pro
1005 2250 1177 2388 βαῖνε
1202 2331 1455 2390 germano
1469 2353 1488 2381 ,
1528 2333 1645 2370 non
1661 2331 1772 2391 pa-

412 2390 576 2450 truele
591 2435 614 2462 ,
644 2387 712 2466 fi·
734 2407 906 2470 petere
939 2389 1128 2449 aiebat
1162 2411 1181 2464 ;
1209 2411 1311 2470 pm
1346 2392 1521 2471 legato
1561 2391 1621 2450 δ’
1652 2411 1772 2472 par·

415 2472 574 2550 ticipe
617 2471 976 2551 administrati
1018 2471 1149 2529 belti-
1178 2493 1197 2531 .·
1230 2469 1294 2548 se
1332 2471 1467 2530 »emi
1494 2516 1517 2542 ,
1550 2468 1771 2550 fratrem

226 2561 374 2648 {frio
417 2552 555 2612 man·
572 2595 595 2622 ,
622 2572 724 2609 rem
753 2548 1113 2632 Sffffi·.Hi⁵
1144 2549 1432 2624 obtinuit,
1462 2568 1528 2611 ut
1553 2551 1774 2632 praefer·

196 2623 379 2708 ’ῥ’ὼὶῑξ.
418 2647 573 2691 retur
603 2629 907 2691 candidato
925 2674 945 2703 ,
970 2651 1145 2713 quem
1164 2628 1467 2690 Africanus
1483 2629 1658 2692 frater
1686 2631 1773 2692 du·

413 2709 584 2774 cebat
603 2730 624 2784 3
645 2729 819 2790 quem
835 2709 1107 2772 Cornelia
1130 2731 1269 2792 gens
1285 2754 1306 2784 ‚
1330 2709 1613 2772 Coi-aelio
1641 2731 1773 2772 con-

417 2791 537 2853 sule
573 2791 806 2852 comitia
833 2791 1083 2857 habente
1119 2813 1141 2865 3
1170 2811 1345 2873 quern
1382 2807 1605 2852 tantum
1641 2813 1773 2884 prae-

418 2872 694 2954 judicium
711 2868 948 2962 ,senates
979 2917 1001 2950 ,
1044 2873 1239 2936 virum
1282 2891 1317 2934 e
1356 2873 1595 2938 civitate
1630 2873 1777 2962 opti-2

667 2975 686 3010 X
