<?xml version="1.0" encoding="UTF-8"?>
<!DOCTYPE html PUBLIC "-//W3C//DTD XHTML 1.0 Transitional//EN"
    "http://www.w3.org/TR/xhtml1/DTD/xhtml1-transitional.dtd">
<html xmlns="http://www.w3.org/1999/xhtml" xml:lang="en" lang="en">
 <head>
  <title>
</title>
<meta http-equiv="Content-Type" content="text/html;charset=utf-8" />
  <meta name='ocr-system' content='tesseract 3.04.00' />
  <meta name='ocr-capabilities' content='ocr_page ocr_carea ocr_par ocr_line ocrx_word'/>
</head>
<body>
  <div class='ocr_page' id='page_1' title='image "./titiliviipatavi01lallgoog_0078.png"; bbox 0 0 2004 3691; ppageno 0'>
   <div class='ocr_carea' id='block_1_1' title="bbox 415 250 1407 324">
    <p class='ocr_par' dir='ltr' id='par_1_1' title="bbox 415 250 1407 324">
     <span class='ocr_line' id='line_1_1' title="bbox 415 250 1407 324; baseline -0.005 -1"><span class='ocrx_word' id='word_1_1' title='bbox 415 250 508 324; x_wconf 85' lang='lat'>62</span> <span class='ocrx_word' id='word_1_2' title='bbox 811 250 1407 322; x_wconf 76' lang='lat' dir='ltr'><strong><em>T.L1r11</em></strong></span> 
     </span>
    </p>
   </div>
   <div class='ocr_carea' id='block_1_2' title="bbox 201 352 1841 449">
    <p class='ocr_par' dir='ltr' id='par_1_2' title="bbox 201 352 1841 449">
     <span class='ocr_line' id='line_1_2' title="bbox 201 352 1841 449; baseline -0.002 -22"><span class='ocrx_word' id='word_1_3' title='bbox 201 380 396 427; x_wconf 48' lang='lat' dir='ltr'>Q</span> <span class='ocrx_word' id='word_1_4' title='bbox 419 364 704 429; x_wconf 83' lang='lat' dir='ltr'>tumulum</span> <span class='ocrx_word' id='word_1_5' title='bbox 755 368 908 428; x_wconf 84' lang='lat' dir='ltr'>vidit</span> <span class='ocrx_word' id='word_1_6' title='bbox 937 410 960 441; x_wconf 88' lang='lat'><strong>,</strong></span> <span class='ocrx_word' id='word_1_7' title='bbox 1006 364 1081 427; x_wconf 77' lang='lat' dir='ltr'>ad</span> <span class='ocrx_word' id='word_1_8' title='bbox 1129 364 1479 449; x_wconf 81' lang='lat' dir='ltr'>carpendum</span> <span class='ocrx_word' id='word_1_9' title='bbox 1550 352 1841 425; x_wconf 67' lang='lat' dir='ltr'>hostiarii</span> 
     </span>
    </p>
   </div>
   <div class='ocr_carea' id='block_1_3' title="bbox 197 446 834 543">
    <p class='ocr_par' dir='ltr' id='par_1_3' title="bbox 197 446 834 543">
     <span class='ocr_line' id='line_1_3' title="bbox 197 446 834 543; baseline -0.002 -33"><span class='ocrx_word' id='word_1_10' title='bbox 197 448 398 543; x_wconf 42' lang='lat'>§³4:522-</span> <span class='ocrx_word' id='word_1_11' title='bbox 419 468 624 532; x_wconf 81' lang='lat' dir='ltr'>agmen</span> <span class='ocrx_word' id='word_1_12' title='bbox 668 446 834 509; x_wconf 75' lang='lat' dir='ltr'>misit.</span> 
     </span>
    </p>
   </div>
   <div class='ocr_carea' id='block_1_4' title="bbox 229 524 1837 787">
    <p class='ocr_par' dir='ltr' id='par_1_4' title="bbox 229 524 1837 787">
     <span class='ocr_line' id='line_1_4' title="bbox 229 524 1837 621; baseline -0.001 -32"><span class='ocrx_word' id='word_1_13' title='bbox 229 524 242 539; x_wconf 86' lang='lat'>&#39;</span> <span class='ocrx_word' id='word_1_14' title='bbox 497 526 712 590; x_wconf 87' lang='lat' dir='ltr'><strong>XLIII.</strong></span> <span class='ocrx_word' id='word_1_15' title='bbox 741 528 850 589; x_wconf 84' lang='lat' dir='ltr'>Per</span> <span class='ocrx_word' id='word_1_16' title='bbox 882 549 985 590; x_wconf 86' lang='lat' dir='ltr'>eos</span> <span class='ocrx_word' id='word_1_17' title='bbox 1020 527 1141 589; x_wconf 88' lang='lat' dir='ltr'>dies</span> <span class='ocrx_word' id='word_1_18' title='bbox 1174 529 1241 590; x_wconf 84' lang='lat'>&amp;</span> <span class='ocrx_word' id='word_1_19' title='bbox 1262 526 1698 621; x_wconf 75' lang='lat' dir='ltr'>Athenagoras</span> <span class='ocrx_word' id='word_1_20' title='bbox 1734 544 1837 587; x_wconf 74' lang='lat' dir='ltr'>re·-</span> 
     </span>
     <span class='ocr_line' id='line_1_5' title="bbox 417 604 1835 707; baseline -0.004 -36"><span class='ocrx_word' id='word_1_21' title='bbox 417 612 544 707; x_wconf 69' lang='lat' dir='ltr'>gius</span> <span class='ocrx_word' id='word_1_22' title='bbox 597 608 896 692; x_wconf 59' lang='lat' dir='ltr'>praefeGius</span> <span class='ocrx_word' id='word_1_23' title='bbox 923 654 944 684; x_wconf 92' lang='lat'>‚</span> <span class='ocrx_word' id='word_1_24' title='bbox 985 608 1295 671; x_wconf 83' lang='lat' dir='ltr'>Dardanos</span> <span class='ocrx_word' id='word_1_25' title='bbox 1340 610 1724 703; x_wconf 70' lang='lat' dir='ltr'>recipientes</span> <span class='ocrx_word' id='word_1_26' title='bbox 1772 604 1835 665; x_wconf 91' lang='lat' dir='ltr'>se</span> 
     </span>
     <span class='ocr_line' id='line_1_6' title="bbox 415 688 1827 787; baseline -0.004 -35"><span class='ocrx_word' id='word_1_27' title='bbox 415 712 478 752; x_wconf 86' lang='lat' dir='ltr'>m</span> <span class='ocrx_word' id='word_1_28' title='bbox 505 690 652 753; x_wconf 84' lang='lat' dir='ltr'>fines</span> <span class='ocrx_word' id='word_1_29' title='bbox 675 691 950 787; x_wconf 85' lang='lat' dir='ltr'>adeptus,</span> <span class='ocrx_word' id='word_1_30' title='bbox 972 689 1327 773; x_wconf 83' lang='lat' dir='ltr'>postremum</span> <span class='ocrx_word' id='word_1_31' title='bbox 1355 709 1575 784; x_wconf 77' lang='lat' dir='ltr'>agmen</span> <span class='ocrx_word' id='word_1_32' title='bbox 1614 688 1827 769; x_wconf 72' lang='lat' dir='ltr'>pnmb</span> 
     </span>
    </p>
   </div>
   <div class='ocr_carea' id='block_1_5' title="bbox 211 766 1948 866">
    <p class='ocr_par' dir='ltr' id='par_1_5' title="bbox 211 766 1948 866">
     <span class='ocr_line' id='line_1_7' title="bbox 211 766 1948 866; baseline -0.002 -36"><span class='ocrx_word' id='word_1_33' title='bbox 211 788 398 831; x_wconf 57' lang='lat' dir='ltr'>,veram</span> <span class='ocrx_word' id='word_1_34' title='bbox 415 774 696 834; x_wconf 82' lang='lat' dir='ltr'>turbavit:</span> <span class='ocrx_word' id='word_1_35' title='bbox 717 772 850 833; x_wconf 84' lang='lat' dir='ltr'>dem</span> <span class='ocrx_word' id='word_1_36' title='bbox 861 817 882 846; x_wconf 91' lang='lat'>‚</span> <span class='ocrx_word' id='word_1_37' title='bbox 898 769 1201 866; x_wconf 58' lang='lat' dir='ltr'>poiiquam</span> <span class='ocrx_word' id='word_1_38' title='bbox 1218 768 1471 831; x_wconf 77' lang='lat' dir='ltr'>Dardani</span> <span class='ocrx_word' id='word_1_39' title='bbox 1493 766 1833 831; x_wconf 73' lang='lat' dir='ltr'>conversis</span> <span class='ocrx_word' id='word_1_40' title='bbox 1947 822 1948 827; x_wconf 74' lang='grc'>,</span> 
     </span>
    </p>
   </div>
   <div class='ocr_carea' id='block_1_6' title="bbox 185 843 1824 2938">
    <p class='ocr_par' dir='ltr' id='par_1_6' title="bbox 195 843 1824 1966">
     <span class='ocr_line' id='line_1_8' title="bbox 195 843 1823 935; baseline -0.004 -21"><span class='ocrx_word' id='word_1_41' title='bbox 195 843 368 931; x_wconf 57' lang='grc' dir='ltr'>ΖΖΞῘ,,,.,</span> <span class='ocrx_word' id='word_1_42' title='bbox 417 850 585 935; x_wconf 74' lang='lat' dir='ltr'>lignis</span> <span class='ocrx_word' id='word_1_43' title='bbox 629 853 888 915; x_wconf 83' lang='lat' dir='ltr'>direxere</span> <span class='ocrx_word' id='word_1_44' title='bbox 933 872 1120 913; x_wconf 76' lang='lat' dir='ltr'>aciem</span> <span class='ocrx_word' id='word_1_45' title='bbox 1142 897 1163 925; x_wconf 91' lang='lat'>,</span> <span class='ocrx_word' id='word_1_46' title='bbox 1204 872 1367 933; x_wconf 82' lang='lat' dir='ltr'>aequa</span> <span class='ocrx_word' id='word_1_47' title='bbox 1405 871 1617 933; x_wconf 83' lang='lat' dir='ltr'>pugna</span> <span class='ocrx_word' id='word_1_48' title='bbox 1660 847 1823 929; x_wconf 82' lang='lat' dir='ltr'>justo</span> 
     </span>
     <span class='ocr_line' id='line_1_9' title="bbox 411 930 1824 1015; baseline -0.002 -24"><span class='ocrx_word' id='word_1_49' title='bbox 411 933 630 1015; x_wconf 86' lang='lat' dir='ltr'>proelio</span> <span class='ocrx_word' id='word_1_50' title='bbox 657 951 810 995; x_wconf 81' lang='lat' dir='ltr'>erat:</span> <span class='ocrx_word' id='word_1_51' title='bbox 839 933 938 993; x_wconf 87' lang='lat' dir='ltr'>ubi</span> <span class='ocrx_word' id='word_1_52' title='bbox 967 932 1152 993; x_wconf 83' lang='lat' dir='ltr'>rursus</span> <span class='ocrx_word' id='word_1_53' title='bbox 1180 932 1495 1013; x_wconf 84' lang='lat' dir='ltr'><strong>procedere</strong></span> <span class='ocrx_word' id='word_1_54' title='bbox 1523 930 1824 991; x_wconf 81' lang='lat' dir='ltr'>Dardani</span> 
     </span>
     <span class='ocr_line' id='line_1_10' title="bbox 413 1012 1822 1097; baseline -0.005 -22"><span class='ocrx_word' id='word_1_55' title='bbox 413 1034 505 1075; x_wconf 86' lang='lat' dir='ltr'>coe</span> <span class='ocrx_word' id='word_1_56' title='bbox 549 1012 750 1089; x_wconf 81' lang='lat' dir='ltr'>iss&#39;ent,</span> <span class='ocrx_word' id='word_1_57' title='bbox 785 1017 976 1097; x_wconf 89' lang='lat' dir='ltr'>equite</span> <span class='ocrx_word' id='word_1_58' title='bbox 1016 1016 1081 1075; x_wconf 86' lang='lat'>&amp;</span> <span class='ocrx_word' id='word_1_59' title='bbox 1115 1014 1231 1075; x_wconf 82' lang='lat' dir='ltr'>levi</span> <span class='ocrx_word' id='word_1_60' title='bbox 1274 1013 1565 1073; x_wconf 64' lang='lat' dir='ltr'>armatura</span> <span class='ocrx_word' id='word_1_61' title='bbox 1616 1012 1822 1093; x_wconf 85' lang='lat' dir='ltr'>regii,</span> 
     </span>
     <span class='ocr_line' id='line_1_11' title="bbox 409 1092 1819 1177; baseline -0.004 -20"><span class='ocrx_word' id='word_1_62' title='bbox 409 1116 490 1157; x_wconf 81' lang='lat' dir='ltr'>nu</span> <span class='ocrx_word' id='word_1_63' title='bbox 533 1117 632 1157; x_wconf 86' lang='lat' dir='ltr'>um</span> <span class='ocrx_word' id='word_1_64' title='bbox 663 1098 789 1157; x_wconf 85' lang='lat' dir='ltr'>talis</span> <span class='ocrx_word' id='word_1_65' title='bbox 817 1095 1011 1155; x_wconf 83' lang='lat' dir='ltr'>auxilii</span> <span class='ocrx_word' id='word_1_66' title='bbox 1043 1114 1221 1177; x_wconf 87' lang='lat' dir='ltr'>genus</span> <span class='ocrx_word' id='word_1_67' title='bbox 1252 1094 1532 1153; x_wconf 81' lang='lat' dir='ltr'>habentes</span> <span class='ocrx_word' id='word_1_68' title='bbox 1557 1092 1819 1153; x_wconf 85' lang='lat' dir='ltr'>Darda·-</span> 
     </span>
     <span class='ocr_line' id='line_1_12' title="bbox 409 1173 1819 1251; baseline -0.003 -14"><span class='ocrx_word' id='word_1_69' title='bbox 409 1194 550 1251; x_wconf 85' lang='lat' dir='ltr'>nos,</span> <span class='ocrx_word' id='word_1_70' title='bbox 563 1193 832 1238; x_wconf 82' lang='lat' dir='ltr'>oneratos</span> <span class='ocrx_word' id='word_1_71' title='bbox 850 1174 1242 1235; x_wconf 81' lang='lat' dir='ltr'>immobilibus</span> <span class='ocrx_word' id='word_1_72' title='bbox 1262 1176 1455 1246; x_wconf 83' lang='lat' dir='ltr'>armis,</span> <span class='ocrx_word' id='word_1_73' title='bbox 1464 1173 1783 1235; x_wconf 79' lang='lat' dir='ltr'>vexabant</span> <span class='ocrx_word' id='word_1_74' title='bbox 1799 1192 1819 1245; x_wconf 92' lang='lat'>;</span> 
     </span>
     <span class='ocr_line' id='line_1_13' title="bbox 411 1254 1809 1338; baseline -0.007 -17"><span class='ocrx_word' id='word_1_75' title='bbox 411 1258 479 1321; x_wconf 86' lang='lat'>&amp;</span> <span class='ocrx_word' id='word_1_76' title='bbox 515 1258 648 1318; x_wconf 88' lang='lat' dir='ltr'>loca</span> <span class='ocrx_word' id='word_1_77' title='bbox 693 1257 812 1338; x_wconf 89' lang='lat' dir='ltr'>ipsa</span> <span class='ocrx_word' id='word_1_78' title='bbox 857 1254 1223 1337; x_wconf 79' lang='lat' dir='ltr'>adjuvabant.</span> <span class='ocrx_word' id='word_1_79' title='bbox 1268 1254 1465 1317; x_wconf 81' lang='lat' dir='ltr'>Occifi</span> <span class='ocrx_word' id='word_1_80' title='bbox 1509 1254 1809 1337; x_wconf 81' lang='lat' dir='ltr'>perpauci</span> 
     </span>
     <span class='ocr_line' id='line_1_14' title="bbox 409 1334 1809 1419; baseline -0.005 -21"><span class='ocrx_word' id='word_1_81' title='bbox 409 1334 569 1411; x_wconf 80' lang='lat' dir='ltr'>sunt,</span> <span class='ocrx_word' id='word_1_82' title='bbox 593 1337 787 1419; x_wconf 84' lang='lat' dir='ltr'>plures</span> <span class='ocrx_word' id='word_1_83' title='bbox 820 1338 1141 1412; x_wconf 84' lang='lat' dir='ltr'>vulnerati,</span> <span class='ocrx_word' id='word_1_84' title='bbox 1173 1357 1240 1396; x_wconf 88' lang='lat' dir='ltr'>ca</span> <span class='ocrx_word' id='word_1_85' title='bbox 1282 1354 1372 1396; x_wconf 88' lang='lat' dir='ltr'>tus</span> <span class='ocrx_word' id='word_1_86' title='bbox 1410 1356 1595 1397; x_wconf 83' lang='lat' dir='ltr'>nemo</span> <span class='ocrx_word' id='word_1_87' title='bbox 1616 1380 1639 1410; x_wconf 85' lang='lat'><strong>,</strong></span> <span class='ocrx_word' id='word_1_88' title='bbox 1670 1335 1809 1415; x_wconf 83' lang='lat' dir='ltr'>quia</span> 
     </span>
     <span class='ocr_line' id='line_1_15' title="bbox 406 1358 1805 1491; baseline -0.006 -12"><span class='ocrx_word' id='word_1_89' title='bbox 406 1437 530 1479; x_wconf 83' lang='lat' dir='ltr'>non</span> <span class='ocrx_word' id='word_1_90' title='bbox 571 1419 857 1479; x_wconf 82' lang='lat' dir='ltr'>excedunt</span> <span class='ocrx_word' id='word_1_91' title='bbox 897 1434 1117 1479; x_wconf 84' lang='lat' dir='ltr'>temere</span> <span class='ocrx_word' id='word_1_92' title='bbox 1156 1358 1455 1479; x_wconf 71' lang='lat' dir='ltr'>ordinibus</span> <span class='ocrx_word' id='word_1_93' title='bbox 1494 1415 1619 1477; x_wconf 84' lang='lat' dir='ltr'>suis</span> <span class='ocrx_word' id='word_1_94' title='bbox 1640 1461 1663 1491; x_wconf 91' lang='lat'>,</span> <span class='ocrx_word' id='word_1_95' title='bbox 1702 1413 1805 1474; x_wconf 84' lang='lat' dir='ltr'>sed</span> 
     </span>
     <span class='ocr_line' id='line_1_16' title="bbox 407 1495 1803 1581; baseline -0.003 -23"><span class='ocrx_word' id='word_1_96' title='bbox 407 1496 716 1559; x_wconf 81' lang='lat' dir='ltr'>confertim</span> <span class='ocrx_word' id='word_1_97' title='bbox 739 1500 804 1561; x_wconf 88' lang='lat'>&amp;</span> <span class='ocrx_word' id='word_1_98' title='bbox 821 1515 1105 1581; x_wconf 83' lang='lat' dir='ltr'>pugnant,</span> <span class='ocrx_word' id='word_1_99' title='bbox 1123 1499 1190 1560; x_wconf 85' lang='lat'>&amp;</span> <span class='ocrx_word' id='word_1_100' title='bbox 1210 1498 1439 1559; x_wconf 87' lang='lat' dir='ltr'>cedunt.</span> <span class='ocrx_word' id='word_1_101' title='bbox 1460 1495 1549 1557; x_wconf 85' lang='lat' dir='ltr'>Ita</span> <span class='ocrx_word' id='word_1_102' title='bbox 1576 1497 1803 1557; x_wconf 83' lang='lat' dir='ltr'>damna</span> 
     </span>
     <span class='ocr_line' id='line_1_17' title="bbox 408 1578 1806 1661; baseline -0.004 -21"><span class='ocrx_word' id='word_1_103' title='bbox 408 1578 680 1640; x_wconf 85' lang='lat' dir='ltr'>Romano</span> <span class='ocrx_word' id='word_1_104' title='bbox 711 1596 946 1661; x_wconf 85' lang='lat' dir='ltr'>accepta</span> <span class='ocrx_word' id='word_1_105' title='bbox 973 1580 1164 1651; x_wconf 88' lang='lat' dir='ltr'>bello,</span> <span class='ocrx_word' id='word_1_106' title='bbox 1187 1578 1405 1639; x_wconf 87' lang='lat' dir='ltr'>duabus</span> <span class='ocrx_word' id='word_1_107' title='bbox 1434 1598 1543 1659; x_wconf 87' lang='lat' dir='ltr'>per</span> <span class='ocrx_word' id='word_1_108' title='bbox 1572 1596 1806 1659; x_wconf 84' lang='lat' dir='ltr'>oppor-</span> 
     </span>
     <span class='ocr_line' id='line_1_18' title="bbox 407 1654 1797 1742; baseline -0.004 -22"><span class='ocrx_word' id='word_1_109' title='bbox 407 1676 575 1720; x_wconf 82' lang='lat' dir='ltr'>tunas</span> <span class='ocrx_word' id='word_1_110' title='bbox 601 1661 998 1741; x_wconf 84' lang='lat' dir='ltr'>expeditiones</span> <span class='ocrx_word' id='word_1_111' title='bbox 1024 1661 1287 1721; x_wconf 71' lang='lat' dir='ltr'>coercitis</span> <span class='ocrx_word' id='word_1_112' title='bbox 1312 1658 1618 1742; x_wconf 86' lang='lat' dir='ltr'>gentibus,</span> <span class='ocrx_word' id='word_1_113' title='bbox 1638 1654 1797 1717; x_wconf 80' lang='lat' dir='ltr'>resti·</span> 
     </span>
     <span class='ocr_line' id='line_1_19' title="bbox 406 1734 1801 1823; baseline -0.005 -21"><span class='ocrx_word' id='word_1_114' title='bbox 406 1756 592 1802; x_wconf 82' lang='lat' dir='ltr'>tuerat</span> <span class='ocrx_word' id='word_1_115' title='bbox 623 1741 954 1823; x_wconf 87' lang='lat' dir='ltr'>Philippus,</span> <span class='ocrx_word' id='word_1_116' title='bbox 983 1742 1114 1801; x_wconf 88' lang='lat' dir='ltr'>ince</span> <span class='ocrx_word' id='word_1_117' title='bbox 1156 1757 1221 1801; x_wconf 92' lang='lat' dir='ltr'>to</span> <span class='ocrx_word' id='word_1_118' title='bbox 1254 1739 1430 1814; x_wconf 83' lang='lat' dir='ltr'>forti,</span> <span class='ocrx_word' id='word_1_119' title='bbox 1462 1760 1587 1799; x_wconf 85' lang='lat' dir='ltr'>non</span> <span class='ocrx_word' id='word_1_120' title='bbox 1627 1734 1801 1819; x_wconf 79' lang='lat' dir='ltr'>pros·-</span> 
     </span>
     <span class='ocr_line' id='line_1_20' title="bbox 401 1816 1795 1906; baseline -0.005 -22"><span class='ocrx_word' id='word_1_121' title='bbox 401 1842 552 1906; x_wconf 82' lang='lat' dir='ltr'>pero</span> <span class='ocrx_word' id='word_1_122' title='bbox 580 1820 766 1884; x_wconf 77' lang='lat' dir='ltr'>solum</span> <span class='ocrx_word' id='word_1_123' title='bbox 797 1837 1029 1882; x_wconf 84' lang='lat' dir='ltr'>eventu.</span> <span class='ocrx_word' id='word_1_124' title='bbox 1128 1822 1271 1883; x_wconf 88' lang='lat' dir='ltr'>inuit</span> <span class='ocrx_word' id='word_1_125' title='bbox 1300 1820 1511 1883; x_wconf 86' lang='lat' dir='ltr'>deinde</span> <span class='ocrx_word' id='word_1_126' title='bbox 1541 1822 1601 1881; x_wconf 89' lang='lat' dir='ltr'>ei</span> <span class='ocrx_word' id='word_1_127' title='bbox 1632 1816 1795 1880; x_wconf 72' lang='lat' dir='ltr'>forte</span> 
     </span>
     <span class='ocr_line' id='line_1_21' title="bbox 404 1900 1791 1966; baseline -0.006 0"><span class='ocrx_word' id='word_1_128' title='bbox 404 1904 600 1966; x_wconf 86' lang='lat' dir='ltr'>oblata</span> <span class='ocrx_word' id='word_1_129' title='bbox 648 1923 738 1964; x_wconf 84' lang='lat' dir='ltr'>res</span> <span class='ocrx_word' id='word_1_130' title='bbox 787 1900 1039 1964; x_wconf 86' lang='lat' dir='ltr'>hostium</span> <span class='ocrx_word' id='word_1_131' title='bbox 1078 1903 1409 1964; x_wconf 82' lang='lat' dir='ltr'>AEtolorum</span> <span class='ocrx_word' id='word_1_132' title='bbox 1451 1921 1791 1962; x_wconf 81' lang='lat' dir='ltr'>numerum.</span> 
     </span>
    </p>

    <p class='ocr_par' dir='ltr' id='par_1_7' title="bbox 185 1981 1793 2308">
     <span class='ocr_line' id='line_1_22' title="bbox 217 1981 1793 2066; baseline -0.003 -21"><span class='ocrx_word' id='word_1_133' title='bbox 217 1995 386 2054; x_wconf 64' lang='lat' dir='ltr'>Ereto·</span> <span class='ocrx_word' id='word_1_134' title='bbox 405 1982 620 2065; x_wconf 91' lang='lat' dir='ltr'>Scopas</span> <span class='ocrx_word' id='word_1_135' title='bbox 683 1985 948 2064; x_wconf 83' lang='lat' dir='ltr'>princeps</span> <span class='ocrx_word' id='word_1_136' title='bbox 1012 1987 1195 2066; x_wconf 85' lang='lat' dir='ltr'>gentis</span> <span class='ocrx_word' id='word_1_137' title='bbox 1224 2027 1245 2056; x_wconf 87' lang='lat'>‚</span> <span class='ocrx_word' id='word_1_138' title='bbox 1298 1985 1369 2044; x_wconf 90' lang='lat' dir='ltr'>ab</span> <span class='ocrx_word' id='word_1_139' title='bbox 1424 1981 1793 2043; x_wconf 74' lang='lat' dir='ltr'>Alexandria</span> 
     </span>
     <span class='ocr_line' id='line_1_23' title="bbox 185 2059 1787 2147; baseline -0.003 -21"><span class='ocrx_word' id='word_1_140' title='bbox 185 2059 386 2135; x_wconf 55' lang='grc' dir='ltr'>ἷῖῗηίῗῖη</span> <span class='ocrx_word' id='word_1_141' title='bbox 408 2085 622 2147; x_wconf 85' lang='lat' dir='ltr'>magno</span> <span class='ocrx_word' id='word_1_142' title='bbox 661 2085 794 2124; x_wconf 88' lang='lat' dir='ltr'>cum</span> <span class='ocrx_word' id='word_1_143' title='bbox 831 2063 1089 2145; x_wconf 70' lang='lat' dir='ltr'>pondere</span> <span class='ocrx_word' id='word_1_144' title='bbox 1132 2066 1253 2124; x_wconf 85' lang='lat' dir='ltr'>auri</span> <span class='ocrx_word' id='word_1_145' title='bbox 1292 2065 1365 2125; x_wconf 79' lang='lat' dir='ltr'>ab</span> <span class='ocrx_word' id='word_1_146' title='bbox 1402 2083 1463 2123; x_wconf 84' lang='lat' dir='ltr'>re</span> <span class='ocrx_word' id='word_1_147' title='bbox 1507 2085 1538 2124; x_wconf 98' lang='lat' dir='ltr'>e</span> <span class='ocrx_word' id='word_1_148' title='bbox 1579 2063 1787 2124; x_wconf 85' lang='lat' dir='ltr'>Ptole-</span> 
     </span>
     <span class='ocr_line' id='line_1_24' title="bbox 187 2083 1786 2232; baseline -0.004 -25"><span class='ocrx_word' id='word_1_149' title='bbox 187 2141 348 2232; x_wconf 53' lang='lat' dir='ltr'>fffflss‘,</span> <span class='ocrx_word' id='word_1_150' title='bbox 411 2155 564 2206; x_wconf 79' lang='lat' dir='ltr'>&#39;maeo</span> <span class='ocrx_word' id='word_1_151' title='bbox 593 2141 816 2218; x_wconf 74' lang='lat' dir='ltr'>missus,</span> <span class='ocrx_word' id='word_1_152' title='bbox 841 2143 936 2206; x_wconf 83' lang='lat' dir='ltr'>sex</span> <span class='ocrx_word' id='word_1_153' title='bbox 965 2144 1147 2204; x_wconf 87' lang='lat' dir='ltr'>millia</span> <span class='ocrx_word' id='word_1_154' title='bbox 1174 2145 1438 2227; x_wconf 86' lang='lat' dir='ltr'>peditum</span> <span class='ocrx_word' id='word_1_155' title='bbox 1464 2083 1530 2205; x_wconf 58' lang='grc' dir='ltr'>ξι.</span> <span class='ocrx_word' id='word_1_156' title='bbox 1552 2145 1786 2228; x_wconf 79' lang='lat' dir='ltr'>equites</span> 
     </span>
     <span class='ocr_line' id='line_1_25' title="bbox 186 2225 1785 2308; baseline 0.003 -31"><span class='ocrx_word' id='word_1_157' title='bbox 186 2241 304 2281; x_wconf 64' lang='grc' dir='ltr'>και.</span> <span class='ocrx_word' id='word_1_158' title='bbox 408 2226 679 2287; x_wconf 85' lang='lat' dir='ltr'>mercede</span> <span class='ocrx_word' id='word_1_159' title='bbox 709 2225 1025 2286; x_wconf 65' lang='lat' dir='ltr'>conducios</span> <span class='ocrx_word' id='word_1_160' title='bbox 1045 2225 1369 2308; x_wconf 83' lang='lat' dir='ltr'>AEgyptum</span> <span class='ocrx_word' id='word_1_161' title='bbox 1400 2227 1593 2288; x_wconf 78' lang='lat' dir='ltr'>avexit</span> <span class='ocrx_word' id='word_1_162' title='bbox 1618 2245 1639 2300; x_wconf 83' lang='lat'>3</span> <span class='ocrx_word' id='word_1_163' title='bbox 1672 2243 1785 2284; x_wconf 85' lang='lat' dir='ltr'>nec</span> 
     </span>
    </p>

    <p class='ocr_par' dir='ltr' id='par_1_8' title="bbox 403 2304 1783 2688">
     <span class='ocr_line' id='line_1_26' title="bbox 406 2304 1783 2388; baseline -0.006 -18"><span class='ocrx_word' id='word_1_164' title='bbox 406 2327 479 2370; x_wconf 83' lang='lat' dir='ltr'>ex</span> <span class='ocrx_word' id='word_1_165' title='bbox 523 2306 820 2388; x_wconf 76' lang='lat' dir='ltr'>juventute</span> <span class='ocrx_word' id='word_1_166' title='bbox 867 2305 1198 2366; x_wconf 87' lang='lat' dir='ltr'>AEtolorum</span> <span class='ocrx_word' id='word_1_167' title='bbox 1249 2325 1596 2388; x_wconf 82' lang='lat' dir='ltr'>quemquam</span> <span class='ocrx_word' id='word_1_168' title='bbox 1644 2304 1783 2364; x_wconf 87' lang='lat' dir='ltr'>reli·-</span> 
     </span>
     <span class='ocr_line' id='line_1_27' title="bbox 406 2383 1779 2470; baseline -0.005 -20"><span class='ocrx_word' id='word_1_169' title='bbox 406 2389 608 2470; x_wconf 82' lang='lat' dir='ltr'>quiffet</span> <span class='ocrx_word' id='word_1_170' title='bbox 631 2434 650 2462; x_wconf 91' lang='lat'>‚</span> <span class='ocrx_word' id='word_1_171' title='bbox 687 2391 745 2448; x_wconf 89' lang='lat' dir='ltr'>ni</span> <span class='ocrx_word' id='word_1_172' title='bbox 781 2385 1155 2448; x_wconf 85' lang='lat' dir='ltr'>Damocritus</span> <span class='ocrx_word' id='word_1_173' title='bbox 1178 2433 1197 2461; x_wconf 90' lang='lat'><strong>,</strong></span> <span class='ocrx_word' id='word_1_174' title='bbox 1234 2408 1387 2446; x_wconf 89' lang='lat' dir='ltr'>nunc</span> <span class='ocrx_word' id='word_1_175' title='bbox 1428 2387 1565 2446; x_wconf 87' lang='lat' dir='ltr'>belli</span> <span class='ocrx_word' id='word_1_176' title='bbox 1612 2383 1779 2469; x_wconf 87' lang='lat' dir='ltr'>quod</span> 
     </span>
     <span class='ocr_line' id='line_1_28' title="bbox 403 2466 1777 2544; baseline -0.002 -16"><span class='ocrx_word' id='word_1_177' title='bbox 403 2469 667 2544; x_wconf 85' lang='lat' dir='ltr'>instaret,</span> <span class='ocrx_word' id='word_1_178' title='bbox 699 2490 845 2529; x_wconf 90' lang='lat' dir='ltr'>nunc</span> <span class='ocrx_word' id='word_1_179' title='bbox 875 2467 1077 2529; x_wconf 81' lang='lat' dir='ltr'>futurae</span> <span class='ocrx_word' id='word_1_180' title='bbox 1107 2466 1423 2529; x_wconf 85' lang='lat' dir='ltr'>solitudinis</span> <span class='ocrx_word' id='word_1_181' title='bbox 1454 2467 1777 2527; x_wconf 76' lang='lat' dir='ltr'>admonens</span> 
     </span>
     <span class='ocr_line' id='line_1_29' title="bbox 403 2547 1780 2688; baseline -0.001 -82"><span class='ocrx_word' id='word_1_182' title='bbox 403 2549 728 2688; x_wconf 55' lang='lat' dir='ltr'>§incertum</span> <span class='ocrx_word' id='word_1_183' title='bbox 763 2550 898 2608; x_wconf 67' lang='lat' dir='ltr'>cura</span> <span class='ocrx_word' id='word_1_184' title='bbox 973 2551 1153 2622; x_wconf 86' lang='lat' dir='ltr'>entis,</span> <span class='ocrx_word' id='word_1_185' title='bbox 1182 2571 1251 2610; x_wconf 87' lang='lat' dir='ltr'>an</span> <span class='ocrx_word' id='word_1_186' title='bbox 1286 2565 1349 2610; x_wconf 88' lang='lat' dir='ltr'>ut</span> <span class='ocrx_word' id='word_1_187' title='bbox 1382 2547 1780 2612; x_wconf 73' lang='lat' dir='ltr'>adversaretur</span> 
     </span>
    </p>

    <p class='ocr_par' dir='ltr' id='par_1_9' title="bbox 399 2627 1773 2938">
     <span class='ocr_line' id='line_1_30' title="bbox 447 2627 1773 2710; baseline -0.001 -22"><span class='ocrx_word' id='word_1_188' title='bbox 447 2649 610 2709; x_wconf 83' lang='lat' dir='ltr'>copae</span> <span class='ocrx_word' id='word_1_189' title='bbox 635 2673 655 2703; x_wconf 85' lang='lat'>‚</span> <span class='ocrx_word' id='word_1_190' title='bbox 691 2647 890 2708; x_wconf 85' lang='lat' dir='ltr'>parum</span> <span class='ocrx_word' id='word_1_191' title='bbox 975 2631 1103 2688; x_wconf 85' lang='lat' dir='ltr'>onis</span> <span class='ocrx_word' id='word_1_192' title='bbox 1147 2629 1381 2710; x_wconf 85' lang='lat' dir='ltr'>cultus)</span> <span class='ocrx_word' id='word_1_193' title='bbox 1419 2647 1645 2710; x_wconf 87' lang='lat' dir='ltr'>partem</span> <span class='ocrx_word' id='word_1_194' title='bbox 1681 2627 1773 2708; x_wconf 84' lang='lat' dir='ltr'>ju·-</span> 
     </span>
     <span class='ocr_line' id='line_1_31' title="bbox 402 2706 1769 2790; baseline -0.001 -22"><span class='ocrx_word' id='word_1_195' title='bbox 402 2711 633 2768; x_wconf 84' lang='lat' dir='ltr'>niorum</span> <span class='ocrx_word' id='word_1_196' title='bbox 665 2706 986 2790; x_wconf 85' lang='lat' dir='ltr'>castigando</span> <span class='ocrx_word' id='word_1_197' title='bbox 1021 2709 1181 2769; x_wconf 86' lang='lat' dir='ltr'>domi</span> <span class='ocrx_word' id='word_1_198' title='bbox 1219 2708 1593 2772; x_wconf 69' lang='lat' dir='ltr'>continuiss&#39;et.</span> <span class='ocrx_word' id='word_1_199' title='bbox 1622 2710 1769 2770; x_wconf 81' lang='lat' dir='ltr'>Haec</span> 
     </span>
     <span class='ocr_line' id='line_1_32' title="bbox 402 2786 1771 2876; baseline 0.003 -28"><span class='ocrx_word' id='word_1_200' title='bbox 402 2789 476 2848; x_wconf 68' lang='lat' dir='ltr'>ea</span> <span class='ocrx_word' id='word_1_201' title='bbox 517 2786 703 2850; x_wconf 85' lang='lat' dir='ltr'>aestate</span> <span class='ocrx_word' id='word_1_202' title='bbox 749 2789 820 2850; x_wconf 88' lang='lat' dir='ltr'>ab</span> <span class='ocrx_word' id='word_1_203' title='bbox 862 2787 1140 2854; x_wconf 84' lang='lat' dir='ltr'>Romanis</span> <span class='ocrx_word' id='word_1_204' title='bbox 1182 2791 1567 2876; x_wconf 85' lang='lat' dir='ltr'>Philippoque</span> <span class='ocrx_word' id='word_1_205' title='bbox 1613 2788 1771 2876; x_wconf 67' lang='lat' dir='ltr'>gesta</span> 
     </span>
     <span class='ocr_line' id='line_1_33' title="bbox 399 2883 580 2938; baseline -0.006 -9"><span class='ocrx_word' id='word_1_206' title='bbox 399 2883 580 2938; x_wconf 58' lang='lat' dir='ltr'>‚Cranto</span> 
     </span>
    </p>
   </div>
   <div class='ocr_carea' id='block_1_7' title="bbox 1939 24 1957 2298">
    <p class='ocr_par' dir='ltr' id='par_1_10' title="bbox 1939 24 1957 2298">
     <span class='ocr_line' id='line_1_34' title="bbox 1939 24 1957 2298; baseline 0 0"><span class='ocrx_word' id='word_1_207' title='bbox 1939 24 1957 2298; x_wconf 95' lang='lat' dir='ltr'> </span> 
     </span>
    </p>
   </div>
  </div>
 </body>
</html>
