2004 3691
412 268 777 345 ιιιιειι·
873 268 1316 339 XXXIV.
1409 289 1547 362 229

200 394 315 459 gna·
348 378 438 453 Ibi
482 382 828 446 deleaarum
875 384 1206 445 cohortium
1242 382 1547 445 stationem
1570 414 1760 445 εει-,ει

198 458 513 543 relinquens
531 510 553 540 ,
582 468 854 549 praecepit
883 468 967 525 eis
982 510 1001 539 ,
1025 485 1100 527 ne
1125 462 1185 525 se
1211 484 1286 525 ex
1311 485 1384 525 eo
1405 464 1542 525 loco
1567 469 1766 562 Ugmq

197 540 319 599 ante
356 563 707 622 moverent,
735 546 916 629 quam.
940 543 1062 627 ipse
1099 545 1172 605 ad
1209 565 1314 606 eos
1352 542 1546 607 venis·-
1561 532 1598 559 ⁸'
1652 528 1764 573 '¹⁹5‘

198 614 277 679 set
302 640 327 681 ι
352 641 569 687 ceteras
603 630 800 707 copias
828 627 901 687 ad
943 626 1274 689 ulteriorem
1315 643 1541 706 partem

197 700 341 759 urbis
380 706 764 768 circumducit.
809 706 1130 767 Maximum
1163 727 1237 770 ex
1273 706 1541 767 omnibus

195 780 403 843 auxiliis
420 806 725 848 numerum
750 784 1088 848 Suessetanae
1108 784 1424 867 juventutis
1439 786 1540 847 ha-

197 859 357 923 bebat
374 888 387 927 :
402 866 515 927 ’eos
540 867 612 927 ad
634 888 859 927 murum
882 867 1328 949 oppugnandum
1352 867 1542 935 subire

192 940 359 1023 jubet.
394 944 673 1025 Quorum
714 948 813 1008 ubi
856 968 1012 1007 arma
1053 946 1318 1029 signaque
1360 947 1538 1021 Lacef

194 1026 301 1084 tani
328 1046 705 1109 cognovere3
742 1048 1034 1089 memores
1063 1073 1082 1101 ,
1153 1028 1283 1087 uam
1307 1026 1453 1108 saepe
1475 1029 1540 1093 in

194 1124 319 1185 agro
342 1125 549 1167 eorum
577 1110 811 1189 impune
848 1107 1060 1190 persult
1137 1124 1271 1181 ent,
1309 1109 1538 1188 quoties

193 1182 332 1265 ipsos
369 1186 410 1247 fi
490 1191 505 1204 ‘
568 1187 791 1251 collatis
812 1186 1076 1249 fudissent
1108 1186 1496 1271 fugaffentque
1515 1202 1548 1263 ‚'

192 1264 417 1345 patefac}
497 1289 561 1328 re
606 1270 736 1329 ente
787 1269 991 1351 porta,
1021 1267 1270 1330 univer-fi
1317 1270 1376 1329 in
1431 1288 1541 1329 eos

195 1346 508 1428 erumpunt.
607 1351 667 1407 ix
703 1349 1020 1409 clamorem
1051 1369 1250 1409 eorum
1271 1394 1290 1423 ,
1321 1348 1550 1409 nedum·

194 1426 459 1507 impetum
480 1474 503 1504 ‚
546 1427 856 1491 Suessetani
900 1430 1084 1490 tulere
1117 1450 1132 1489 z
1172 1429 1332 1511 quod
1378 1426 1536 1510 post-

192 1526 351 1643 auam
372 1552 395 1581 ‚
428 1507 575 1569 ficut
623 1506 877 1571 futurum
928 1527 1080 1569 ratus
1131 1528 1250 1570 erat
1271 1555 1290 1582 ‚
1340 1508 1536 1579 consul

234 1588 309 1645 eri
335 1590 507 1650 etiam
542 1589 737 1665 vidit3
776 1610 929 1673 equo
970 1592 1144 1650 citato
1185 1588 1372 1650 subter
1409 1610 1538 1659 mu«,-

192 1685 307 1727 rum
327 1667 575 1731 hostium
596 1671 672 1730 ad
698 1670 968 1732 cohortes
1000 1670 1298 1731 advehitur
1325 1692 1346 1743 3
1367 1687 1538 1750 atque

194 1765 281 1807 eas
310 1770 561 1833 arreptas
587 1796 607 1826 ,
640 1746 827 1812 effusis
864 1752 1130 1811 omnibus
1180 1750 1253 1809 ad
1293 1745 1538 1829 sequen-

196 1826 293 1888 dos
326 1828 685 1894 Suessetanos
704 1879 725 1908 ‚
756 1830 871 1915 qua
894 1830 1180 1904 silentium
1203 1852 1268 1891 ac
1291 1828 1540 1896 solitudo

195 1928 343 1985 erat,
374 1915 433 1972 in
479 1913 683 1975 urbem
732 1914 995 1987 inducit3
1033 1910 1298 1994 priusque
1341 1914 1538 1972 omnia

196 1992 336 2128 cepit
356 2037 377 2064 ,
412 1994 589 2076 quam
614 1992 674 2054 se
696 1997 1015 2074 reciperent
1049 1993 1357 2053 Lacetani:
1395 2013 1540 2054 mox

194 2069 335 2207 {Ros
354 2117 373 2146 ‚
399 2075 545 2134 nihil
575 2090 781 2154 praeter
814 2094 973 2134 arma
1006 2072 1313 2148 habentes,
1343 2075 1404 2132 in
1437 2074 1534 2134 de·

250 2166 461 2214 tionem
500 2156 739 2234 accepit.

267 2229 427 2296 XXI.
456 2233 775 2296 Confestim
796 2233 930 2294 inde
951 2231 1138 2295 vfflor
1163 2233 1235 2292 ad
1254 2231 1540 2315 Vergium

196 2308 423 2374 castrum
460 2315 617 2374 ducit
655 2337 670 2374 ε
718 2315 1141 2396 receptaculum
1177 2313 1239 2372 id
1287 2314 1538 2387 maxime

194 2393 519 2470 praedonum
568 2411 738 2469 erat3
778 2396 844 2456 ὃ(
888 2394 1023 2452 inde
1077 2389 1422 2454 incursiones
1473 2396 1540 2453 in

197 2490 350 2552 agros
366 2491 599 2556 pacatos
618 2477 931 2556 provinciae
946 2471 1070 2551 ejus
1089 2469 1320 2532 fiebant.
1331 2471 1538 2532 Trans-

194 2547 329 2634 fugit
356 2557 491 2616 inde
524 2555 595 2615 ad
630 2553 925 2616 consulem
943 2555 1208 2635 princeps
1239 2552 1538 2636 Vergesta·

198 2650 296 2692 nus
334 2657 353 2709 ;
398 2639 465 2706 &
504 2655 745 2718 purgare
784 2633 841 2694 se
878 2655 943 2694 ac
974 2633 1276 2714 populares
1306 2636 1486 2716 coepit
1511 2678 1540 2708 ,

199 2713 322 2774 Non
353 2715 450 2795 ff
483 2719 541 2778 in
578 2737 747 2776 manu
782 2717 909 2794 ipfis
938 2715 1308 2795 rempublicam
1347 2736 1367 2773 .·
1396 2735 1540 2794 pra-

199 2792 351 2874 ἄσης-ιι
390 2815 622 2876 receptos
654 2814 823 2854 totum
849 2794 965 2872 sua
1009 2796 1287 2874 potestatis
1319 2795 1386 2854 id
1417 2789 1539 2868 cas-

195 2885 321 2950 trum
332 2873 535 2961 ficlffi·
566 2873 787 2960 Consul
806 2949 811 2956 .
832 2895 965 2940 eum
1021 2874 1261 2938 dom-um
1304 2871 1546 2964 reciire‘,
