2004 3691
482 321 859 388 LIBER
958 317 1316 389 XXXI.
1492 301 1593 406 87

195 430 488 516 A‘pustius
513 455 644 497 cum
663 433 862 495 Attalo
889 432 962 493 ad
987 433 1214 494 class'em
1237 433 1422 494 rediit.
1438 431 1586 494 Inde

199 515 518 578 consultati
560 516 632 576 de
666 514 831 577 Oreo
873 515 1269 598 oppugnando
1308 531 1584 596 coeptum.

199 594 424 656 Valida
469 619 538 657 ea
581 599 785 657 civitas
827 597 893 657 &
930 596 1219 656 moenibus
1244 641 1263 670 ,
1307 598 1369 658 ὃ(
1394 641 1411 669 ,
1492 599 1586 658 uia

205 679 344 737 ante
391 677 572 756 fuerat
619 676 876 751 tentata,
917 675 1089 736 firmo
1134 693 1253 737 erat
1299 675 1457 758 praefi
1500 680 1582 740 io.

207 754 651 838 Conjunxerant
698 756 756 818 se
805 759 874 816 iis
924 755 1053 838 post
1102 761 1585 840 expugnationem

204 837 399 900 Andri
442 859 574 899 cum
615 837 888 920 praefecio
928 835 1333 919 Agesimbroto
1372 840 1433 898 vi
1474 841 1581 900 inti

207 917 460 980 Rhodiae
491 940 703 992 naveS,
726 917 892 978 teflae
926 939 1131 978 omnes
1157 942 1172 980 z
1203 939 1330 980 eam
1359 859 1585 981 claffrem

203 1001 269 1060 in
293 998 598 1062 stationem
617 999 690 1059 ad
707 996 992 1060 Zelasium
1012 998 1283 1060 miserunt
1298 997 1583 1080 (Isthmiae

204 1081 274 1142 id
311 1079 475 1163 supe'r
512 1079 952 1140 Demetriadem
1036 1081 1458 1142 romontorium
1500 1079 1584 1141 est

201 1161 643 1246 peropportune
679 1103 1151 1243 obieetumyut,
1182 1159 1225 1220 fi
1264 1161 1406 1244 quid
1445 1159 1585 1222 inde

203 1260 520 1304 moverent
552 1241 945 1302 Macedonum
979 1262 1189 1314 naves,
1220 1243 1280 1300 in
1319 1239 1585 1322 praefidio

206 1321 405 1384 effent.
435 1323 776 1383 Heraclides
805 1319 1101 1402 praefefius
1130 1323 1321 1403 regius
1350 1321 1579 1383 classem

204 1405 296 1464 ibi
322 1405 577 1478 tenebat,
597 1425 691 1464 ma
731 1404 780 1462 is
808 1423 910 1482 per
930 1399 1322 1476 occasionem,
1343 1402 1385 1463 si
1409 1423 1583 1484 quam

204 1485 554 1567 negligentia
588 1423 840 1544 hosfium
877 1480 1153 1556 dedisset,
1176 1483 1351 1564 quam
1384 1483 1582 1565 aperta

207 1568 274 1627 vi
313 1566 626 1647 quidquam
663 1562 912 1622 ausuruS.
955 1561 1182 1623 Oreum
1220 1563 1425 1625 diversi
1459 1564 1581 1625 Ro-

205 1649 366 1706 mani
392 1647 458 1706 &
475 1665 578 1704 rex
599 1642 824 1704 Attalus
853 1643 1263 1726 oppugnabant
1287 1665 1303 1704 ε
1331 1643 1577 1705 Romani

203 1749 242 1786 a
286 1725 582 1786 Maritima
627 1745 756 1785 arce
786 1769 806 1798 ,
850 1726 990 1805 regii
1042 1724 1319 1790 adversus
1362 1725 1579 1788 vallem

203 1809 360 1867 inter
399 1806 536 1867 duas
576 1803 864 1885 jacentem
909 1822 1067 1865 arces
1093 1850 1113 1879 ,
1156 1805 1269 1887 qua
1308 1807 1373 1867 &
1410 1827 1577 1879 muro

201 1886 517 1969 intersepta
550 1887 684 1946 urbs
719 1884 800 1945 est
829 1906 848 1958 ;
881 1887 944 1946 &
966 1902 1029 1945 ut
1058 1886 1187 1946 loca
1218 1884 1471 1959 diversa,
1500 1886 1576 1947 fic-

206 1968 416 2049 dispari
442 1966 625 2027 modo
653 1968 822 2026 etiam
849 1967 1257 2048 oppugnabant
1280 1988 1298 2040 3
1323 1967 1577 2031 Romani

203 2048 618 2120 testudinibus,
641 2048 704 2111 &
724 2048 908 2106 vineis
922 2092 941 2119 ‚
965 2048 1031 2106 &
1054 2049 1229 2106 ariete
1258 2047 1581 2108 admoven-

205 2131 294 2192 do
323 2131 496 2189 muris
523 2152 544 2203 3
576 2130 720 2210 regii
751 2124 980 2186 ballistis
998 2170 1018 2199 ,
1044 2126 1481 2209 catapultisque,
1508 2131 1573 2190 δι

201 2212 326 2272 alio
363 2211 520 2271 omni
553 2229 768 2291 genere
799 2223 1225 2269 tormentorum
1264 2208 1378 2267 tela
1413 2210 1575 2289 inge·-

203 2308 439 2353 rentest
471 2292 536 2350 &
557 2289 816 2371 pondere
841 2290 1059 2370 ingenti
1092 2287 1221 2347 saxa
1250 2286 1576 2367 jaciebant,

205 2374 279 2435 &
303 2372 625 2444 cuniculos,
649 2372 714 2431 ὅ(
741 2369 1021 2451 quidquid
1056 2369 1207 2427 aliud
1240 2371 1433 2450 priore
1466 2390 1574 2449 op-

201 2456 557 2537 pugnatione
597 2468 902 2532 expertum
935 2448 1245 2529 profuerat.
1288 2447 1568 2511 Ceterum

201 2556 328 2596 non
353 2534 545 2615 plures
569 2533 786 2592 tantum
806 2528 1196 2598 Macedones,
1218 2528 1388 2609 quam
1410 2530 1571 2605 ante,

201 2613 511 2678 tuebantur
533 2612 736 2671 urbem
763 2606 1069 2691 arcesque,
1094 2606 1191 2668 sed
1222 2612 1396 2669 etiam
1424 2632 1569 2691 prae-

199 2693 544 2757 sentior-ibus
569 2694 765 2751 animis
780 2733 799 2762 ‚
824 2692 914 2763 &,
939 2688 1388 2771 castigationibus
1415 2692 1571 2773 regis

197 2781 260 2842 in
307 2770 539 2834 admissa
583 2772 747 2852 eulpa
767 2815 786 2843 ,
831 2768 994 2830 fimul
1036 2772 1315 2835 minarum
1337 2816 1357 2844 ,
1400 2768 1573 2831 simul·

199 2852 642 2942 promiffionurn
671 2856 732 2911 in
761 2850 1015 2911 futurum
1046 2870 1335 2911 memores
1353 2894 1372 2923 ,
1396 2854 1472 2910 ita
1502 2866 1575 2917 ue

187 2956 406 3033 parum
451 2936 515 3003 in
559 2934 978 3023 expugnatione
1027 2931 1199 3000 celeri
1246 2929 1366 3020 spei
1408 2928 1581 3011 effen&

1622 459 1807 493 a

1613 517 1807 565 U.e.552.

1604 565 1808 611 scavos

1636 1583 1775 1624 Oreum

1601 1642 1800 1684 oppugan-

1602 1693 1701 1723 tum·
