2004 3691
401 257 879 326 *Luna
975 252 1454 343 XXXIII.
1531 278 1659 359 145

311 388 464 433 erant
483 371 875 448 Macedone5‚
893 374 954 433 in
975 374 1260 435 tumulum
1282 372 1527 434 maxime
1550 374 1667 435 edi·
1690 406 1749 436 a

310 462 428 513 mm
459 456 610 515 inter
643 454 784 515 alios
819 453 1135 535 compulsi,
1168 455 1303 516 loco
1337 452 1396 514 se
1436 457 1617 537 magis
1640 498 1660 528 ‚
1688 461 1751 501 U-·

307 534 476 673 Ptin-1
492 538 662 594 armis
689 551 934 595 tutantes
948 556 968 609 ;
982 534 1456 595 committendam
1471 556 1663 597 rerum
1681 512 1755 553 ⁸⁸⁶

331 636 584 677 ummam
614 620 673 675 in
706 614 1011 675 discrimen
1042 634 1353 698 utcumque
1376 632 1525 676 ratus
1542 660 1562 691 ,
1586 636 1665 677 ne

310 698 476 775 partis
509 695 820 757 indefensae
848 694 1063 775 jaciura
1098 694 1301 769 fieret,
1334 678 1669 779 Athenago-

313 796 431 835 ram
459 776 668 837 ducem
705 776 978 838 mercede
999 776 1361 837 militantium
1381 796 1516 837 cum
1542 798 1671 837 om-

311 858 510 931 nibu5‚
543 875 753 939 praeter
787 856 1042 917 Thtacas
1062 900 1081 929 ,
1109 858 1359 931 auxiliis-³,
1400 859 1466 919 &
1510 860 1671 939 equi·

309 954 424 997 tatu
461 938 859 1011 Macedonum
891 959 957 997 ac
992 936 1394 997 Thessalorum
1416 982 1434 1009 ,
1458 939 1633 997 mittit
1654 958 1681 997 τ’

313 1038 510 1079 eorum
547 1019 840 1093 adventu,
863 1016 1084 1098 depulfi
1118 1018 1190 1077 ab
1222 1016 1362 1100 jugo
1382 1016 1675 1092 Romani,

312 1119 428 1159 non
461 1101 592 1161 ante
640 1098 963 1159 restiterunt
982 1140 1002 1170 ‚
1072 1098 1203 1157 uim
1242 1100 1303 1157 in
1393 1097 1671 1159 laniorem

312 1179 518 1241 vallem
586 1196 897 1241 erventum
933 1176 1033 1239 est.
1122 1198 1153 1238 e
1194 1176 1335 1239 effus
1404 1177 1673 1238 detrude-

314 1279 501 1323 rentur
559 1283 595 1321 u
639 1261 674 1320 Ξ
688 1304 706 1333 ,
732 1261 1041 1341 plurimum
1064 1261 1123 1317 in
1149 1258 1358 1319 AEtolis·
1384 1258 1673 1340 equitibus

318 1340 560 1423 praefidii
599 1282 749 1402 ignit:
779 1343 828 1401 is
866 1340 1039 1421 longe
1064 1356 1186 1399 tum
1222 1360 1261 1399 0
1305 1341 1475 1399 timus
1494 1358 1689 1421 eque&

317 1424 373 1481 in
393 1422 616 1485 Graecia
649 1438 772 1483 erat
803 1442 823 1496 3
851 1420 1047 1501 pedite
1068 1422 1219 1480 inter
1288 1421 1519 1481 nitimos
1538 1420 1679 1487 vin-⁶1

318 1503 602 1565 cebantur.

349 1638 358 1647 .
394 1583 560 1661 vm.
581 1584 798 1645 Laetior
821 1603 914 1643 res
933 1628 952 1658 ,
975 1581 1147 1665 quhm
1178 1602 1285 1664 pro
1302 1578 1549 1643 successu
1571 1602 1676 1662 pu-

322 1685 442 1747 gnae
464 1708 484 1737 ‚
515 1667 814 1737 nuntiata,
889 1684 1027 1723 uum
1070 1664 1160 1721 alii
1191 1663 1357 1744 super
1396 1663 1541 1723 alios
1584 1681 1680 1720 re-
1720 1670 1725 1679 ’

323 1764 605 1807 currentes
635 1766 707 1805 ex
741 1765 867 1825 proe
893 1747 952 1805 io
989 1742 1553 1824 clamarent,·fugere
1582 1760 1679 1822 pa·

323 1826 489 1888 vidos
534 1826 838 1890 Romanos
857 1870 876 1900 ,
923 1825 1171 1886 invitum
1216 1825 1283 1886 &
1331 1822 1683 1884 cunfiiabun-

327 1907 502 1982 dum‘,
537 1909 605 1969 &
645 1907 934 1968 dicentem
969 1924 1190 1966 temere
1228 1903 1395 1981 fieri,
1426 1925 1547 1964 non
1588 1903 1706 1964 lo-'

325 2010 454 2049 cum
489 1987 594 2049 srbi
628 1988 858 2070 placere
879 2030 899 2060 ‚
924 2007 1054 2051 ‚non
1090 2003 1321 2067 tempus
1338 2028 1357 2058 ,
1382 1983 1634 2066 perpulit
1659 2026 1682 2056 ,

327 2086 388 2130 ut
421 2070 698 2130 educeret
726 2088 932 2129 omnes
963 2068 1161 2148 copias
1192 2068 1253 2124 in
1288 2069 1487 2125 aciem.
1514 2063 1684 2140 Idem

327 2151 392 2212 δι
421 2150 719 2210 Romanus
743 2193 764 2222 ,
802 2149 978 2229 magis
1011 2144 1367 2220 neceffitate,
1430 2144 1561 2205 unm
1586 2165 1685 2206 oc-

327 2229 556 2306 casione
602 2250 808 2310 pugnae
855 2225 1116 2287 indubius
1139 2269 1159 2298 ‚
1189 2225 1345 2286 fecit.
1389 2167 1687 2284 {emtum

330 2331 512 2370 cornu
531 2353 551 2382 ,
582 2307 670 2370 ele
713 2310 896 2368 hantis
932 2323 1065 2366 ante
1103 2305 1260 2388 signa
1288 2303 1601 2377 instructss‚
1623 2305 1719 2364 in·

327 2389 590 2452 subsidiis
612 2409 674 2448 re
699 2389 1047 2469 ‘quittlaevo
1085 2407 1215 2446 cum
1250 2386 1410 2444 omni
1447 2385 1565 2444 levi
1598 2405 1689 2443 ar·

332 2488 557 2532 matura
586 2470 646 2530 in
663 2466 898 2528 hostem
921 2467 1083 2527 vadit
1104 2489 1123 2541 3
1152 2464 1317 2525 simul
1339 2465 1651 2525 admonens
1666 2506 1689 2538 ‚
1715 2485 1721 2492 ·

333 2554 466 2612 Cum
503 2547 690 2627 iisdem
723 2549 1122 2608 Macedonibus
1142 2564 1476 2628 pugnaturos
1492 2591 1513 2618 ,
1554 2567 1691 2626 quos

337 2635 418 2693 ad
429 2633 591 2712 Epiri
603 2628 804 2710 fauces
815 2674 838 2701 ,
861 2629 1131 2688 montibus
1145 2625 1554 2706 fluminibusque
1569 2625 1695 2710 sep·-
1724 2645 1731 2654 ·

336 2730 422 2773 tos
435 2757 456 2784 ,
473 2711 618 2780 νὶέὲά
652 2711 892 2771 naturali
915 2707 1225 2791 difficultate
1247 2709 1476 2767 locorum
1485 2751 1508 2778 ‚
1531 2727 1699 2788 expu-

339 2791 514 2872 liffint
527 2837 548 2864 ,
570 2793 788 2872 acieque
807 2787 1187 2872 expugnaffint
1208 2809 1225 2845 ε
1245 2809 1363 2848 cum
1384 2787 1457 2846 iis
1474 2831 1497 2858 ,
1518 2809 1653 2866 quos
1671 2829 1694 2859 ‚
1728 2814 1735 2824 ·

340 2875 414 2935 Ρ,
445 2873 686 2952 Sulpicii
713 2872 867 2954 prius
901 2874 1061 2934 duda
1078 2913 1101 2944 ,
1134 2865 1425 2950 obsidentes
1444 2869 1696 3008 gordum
1730 2881 1739 2890 ·

424 2955 622 3014 Tamus
663 2955 736 3015 V.
1752 2957 1786 2974 '²
