<?xml version="1.0" encoding="UTF-8"?>
<!DOCTYPE html PUBLIC "-//W3C//DTD XHTML 1.0 Transitional//EN"
    "http://www.w3.org/TR/xhtml1/DTD/xhtml1-transitional.dtd">
<html xmlns="http://www.w3.org/1999/xhtml" xml:lang="en" lang="en">
 <head>
  <title>
</title>
<meta http-equiv="Content-Type" content="text/html;charset=utf-8" />
  <meta name='ocr-system' content='tesseract 3.04.00' />
  <meta name='ocr-capabilities' content='ocr_page ocr_carea ocr_par ocr_line ocrx_word'/>
</head>
<body>
  <div class='ocr_page' id='page_1' title='image "./titiliviipatavi01lallgoog_0336.png"; bbox 0 0 2004 3691; ppageno 0'>
   <div class='ocr_carea' id='block_1_1' title="bbox 411 247 1425 341">
    <p class='ocr_par' dir='ltr' id='par_1_1' title="bbox 411 247 1425 341">
     <span class='ocr_line' id='line_1_1' title="bbox 411 247 1425 341; baseline -0.002 -24"><span class='ocrx_word' id='word_1_1' title='bbox 411 263 553 341; x_wconf 84' lang='lat'>320</span> <span class='ocrx_word' id='word_1_2' title='bbox 801 247 1425 319; x_wconf 69' lang='lat' dir='ltr'><em>ZLtrtt</em></span> 
     </span>
    </p>
   </div>
   <div class='ocr_carea' id='block_1_2' title="bbox 194 354 1809 583">
    <p class='ocr_par' dir='ltr' id='par_1_2' title="bbox 194 354 1809 583">
     <span class='ocr_line' id='line_1_2' title="bbox 194 354 1805 445; baseline -0.008 -15"><span class='ocrx_word' id='word_1_3' title='bbox 194 372 392 417; x_wconf 55' lang='grc' dir='ltr'>’.ΕΞ</span> <span class='ocrx_word' id='word_1_4' title='bbox 409 380 518 421; x_wconf 82' lang='lat' dir='ltr'>nus</span> <span class='ocrx_word' id='word_1_5' title='bbox 537 356 860 442; x_wconf 80' lang='lat' dir='ltr'>praefidium</span> <span class='ocrx_word' id='word_1_6' title='bbox 879 365 1027 445; x_wconf 80' lang='lat' dir='ltr'>agris</span> <span class='ocrx_word' id='word_1_7' title='bbox 1044 365 1337 439; x_wconf 78' lang='lat' dir='ltr'>mitteret,</span> <span class='ocrx_word' id='word_1_8' title='bbox 1364 356 1655 423; x_wconf 81' lang='lat' dir='ltr'>disceffit.</span> <span class='ocrx_word' id='word_1_9' title='bbox 1676 354 1805 419; x_wconf 81' lang='lat' dir='ltr'>Inde</span> 
     </span>
     <span class='ocr_line' id='line_1_3' title="bbox 197 434 1809 583; baseline -0.007 -74"><span class='ocrx_word' id='word_1_10' title='bbox 197 436 380 541; x_wconf 52' lang='lat' dir='ltr'>232³,ss</span> <span class='ocrx_word' id='word_1_11' title='bbox 411 434 676 583; x_wconf 55' lang='grc' dir='ltr'>Τόεέεεω</span> <span class='ocrx_word' id='word_1_12' title='bbox 721 444 977 504; x_wconf 85' lang='lat' dir='ltr'>exercitu</span> <span class='ocrx_word' id='word_1_13' title='bbox 1022 444 1317 505; x_wconf 67' lang='lat' dir='ltr'><strong>contraflo</strong></span> <span class='ocrx_word' id='word_1_14' title='bbox 1354 489 1380 519; x_wconf 91' lang='lat'>‚</span> <span class='ocrx_word' id='word_1_15' title='bbox 1433 441 1809 521; x_wconf 80' lang='lat' dir='ltr'>concilioque</span> 
     </span>
    </p>
   </div>
   <div class='ocr_carea' id='block_1_3' title="bbox 413 522 1825 1168">
    <p class='ocr_par' dir='ltr' id='par_1_3' title="bbox 413 522 1825 1168">
     <span class='ocr_line' id='line_1_4' title="bbox 415 522 1809 600; baseline -0.003 -17"><span class='ocrx_word' id='word_1_16' title='bbox 415 542 449 583; x_wconf 82' lang='lat' dir='ltr'>e</span> <span class='ocrx_word' id='word_1_17' title='bbox 537 542 630 583; x_wconf 85' lang='lat' dir='ltr'>em</span> <span class='ocrx_word' id='word_1_18' title='bbox 663 522 730 583; x_wconf 76' lang='grc' dir='ltr'>δι</span> <span class='ocrx_word' id='word_1_19' title='bbox 765 522 994 584; x_wconf 74' lang='lat' dir='ltr'><strong>Achaeis</strong></span> <span class='ocrx_word' id='word_1_20' title='bbox 1021 526 1085 587; x_wconf 72' lang='grc' dir='ltr'>δι</span> <span class='ocrx_word' id='word_1_21' title='bbox 1108 522 1275 586; x_wconf 82' lang='lat' dir='ltr'>sociis</span> <span class='ocrx_word' id='word_1_22' title='bbox 1292 522 1553 585; x_wconf 67' lang='lat' dir='ltr'>indiae</span> <span class='ocrx_word' id='word_1_23' title='bbox 1572 566 1597 593; x_wconf 92' lang='lat'>,</span> <span class='ocrx_word' id='word_1_24' title='bbox 1622 524 1686 579; x_wconf 86' lang='lat' dir='ltr'>in</span> <span class='ocrx_word' id='word_1_25' title='bbox 1706 538 1809 600; x_wconf 87' lang='lat' dir='ltr'>quo</span> 
     </span>
     <span class='ocr_line' id='line_1_5' title="bbox 415 601 1813 684; baseline -0.007 -17"><span class='ocrx_word' id='word_1_26' title='bbox 415 604 483 667; x_wconf 84' lang='lat'>&amp;</span> <span class='ocrx_word' id='word_1_27' title='bbox 513 602 880 684; x_wconf 78' lang='lat' dir='ltr'>Epirotarum</span> <span class='ocrx_word' id='word_1_28' title='bbox 913 605 981 667; x_wconf 88' lang='lat'>&amp;</span> <span class='ocrx_word' id='word_1_29' title='bbox 1007 604 1389 667; x_wconf 81' lang='lat' dir='ltr'>Acarnanum</span> <span class='ocrx_word' id='word_1_30' title='bbox 1442 602 1629 665; x_wconf 85' lang='lat' dir='ltr'>fuere</span> <span class='ocrx_word' id='word_1_31' title='bbox 1682 601 1813 681; x_wconf 79' lang='lat' dir='ltr'>prin·-</span> 
     </span>
     <span class='ocr_line' id='line_1_6' title="bbox 413 680 1815 767; baseline -0.003 -24"><span class='ocrx_word' id='word_1_32' title='bbox 413 685 573 765; x_wconf 82' lang='lat' dir='ltr'>cipes</span> <span class='ocrx_word' id='word_1_33' title='bbox 592 728 614 758; x_wconf 85' lang='lat'><strong>,</strong></span> <span class='ocrx_word' id='word_1_34' title='bbox 641 680 828 745; x_wconf 82' lang='lat' dir='ltr'>statuit</span> <span class='ocrx_word' id='word_1_35' title='bbox 851 730 871 759; x_wconf 91' lang='lat'>,</span> <span class='ocrx_word' id='word_1_36' title='bbox 902 689 1177 767; x_wconf 84' lang='lat' dir='ltr'>quoniam</span> <span class='ocrx_word' id='word_1_37' title='bbox 1208 685 1343 747; x_wconf 80' lang='lat' dir='ltr'>satis</span> <span class='ocrx_word' id='word_1_38' title='bbox 1392 685 1473 746; x_wconf 88' lang='lat'>&amp;</span> <span class='ocrx_word' id='word_1_39' title='bbox 1518 682 1761 743; x_wconf 85' lang='lat' dir='ltr'>suorum</span> <span class='ocrx_word' id='word_1_40' title='bbox 1787 698 1815 735; x_wconf 78' lang='lat' dir='ltr'>a</span> 
     </span>
     <span class='ocr_line' id='line_1_7' title="bbox 413 759 1818 849; baseline -0.003 -27"><span class='ocrx_word' id='word_1_41' title='bbox 413 763 641 845; x_wconf 86' lang='lat' dir='ltr'>pudore</span> <span class='ocrx_word' id='word_1_42' title='bbox 678 766 974 825; x_wconf 68' lang='lat' dir='ltr'>maritimae</span> <span class='ocrx_word' id='word_1_43' title='bbox 1016 768 1357 849; x_wconf 71' lang='lat' dir='ltr'>ignominiae</span> <span class='ocrx_word' id='word_1_44' title='bbox 1408 762 1685 825; x_wconf 81' lang='lat' dir='ltr'><strong>restituti</strong></span> <span class='ocrx_word' id='word_1_45' title='bbox 1719 759 1818 819; x_wconf 82' lang='lat' dir='ltr'>ani-</span> 
     </span>
     <span class='ocr_line' id='line_1_8' title="bbox 415 840 1823 920; baseline -0.007 -13"><span class='ocrx_word' id='word_1_46' title='bbox 415 845 529 918; x_wconf 84' lang='lat' dir='ltr'>mi,</span> <span class='ocrx_word' id='word_1_47' title='bbox 567 844 634 905; x_wconf 87' lang='lat'>&amp;</span> <span class='ocrx_word' id='word_1_48' title='bbox 663 844 915 907; x_wconf 85' lang='lat' dir='ltr'>hostium</span> <span class='ocrx_word' id='word_1_49' title='bbox 952 849 1247 909; x_wconf 85' lang='lat' dir='ltr'><strong>conterriti</strong></span> <span class='ocrx_word' id='word_1_50' title='bbox 1270 844 1514 920; x_wconf 80' lang='lat' dir='ltr'>ess&#39;ent‚</span> <span class='ocrx_word' id='word_1_51' title='bbox 1553 843 1635 903; x_wconf 82' lang='lat' dir='ltr'>ad</span> <span class='ocrx_word' id='word_1_52' title='bbox 1659 840 1823 901; x_wconf 80' lang='lat' dir='ltr'><strong>Lace·</strong></span> 
     </span>
     <span class='ocr_line' id='line_1_9' title="bbox 418 918 1821 1003; baseline -0.004 -20"><span class='ocrx_word' id='word_1_53' title='bbox 418 923 750 986; x_wconf 81' lang='lat' dir='ltr'><strong>daemonem</strong></span> <span class='ocrx_word' id='word_1_54' title='bbox 786 927 996 988; x_wconf 86' lang='lat' dir='ltr'>ducere</span> <span class='ocrx_word' id='word_1_55' title='bbox 1030 951 1052 1003; x_wconf 81' lang='lat'>3</span> <span class='ocrx_word' id='word_1_56' title='bbox 1081 948 1155 987; x_wconf 89' lang='lat' dir='ltr'>eo</span> <span class='ocrx_word' id='word_1_57' title='bbox 1177 927 1366 989; x_wconf 85' lang='lat' dir='ltr'>modo</span> <span class='ocrx_word' id='word_1_58' title='bbox 1396 948 1543 986; x_wconf 83' lang='lat' dir='ltr'>uno</span> <span class='ocrx_word' id='word_1_59' title='bbox 1574 938 1734 983; x_wconf 82' lang='lat' dir='ltr'>ratus</span> <span class='ocrx_word' id='word_1_60' title='bbox 1754 918 1821 977; x_wconf 78' lang='lat' dir='ltr'>ab</span> 
     </span>
     <span class='ocr_line' id='line_1_10' title="bbox 419 998 1823 1088; baseline -0.004 -25"><span class='ocrx_word' id='word_1_61' title='bbox 419 1002 722 1066; x_wconf 86' lang='lat' dir='ltr'>obfidione</span> <span class='ocrx_word' id='word_1_62' title='bbox 743 1004 954 1088; x_wconf 72' lang='lat' dir='ltr'>Gythii</span> <span class='ocrx_word' id='word_1_63' title='bbox 983 1006 1211 1069; x_wconf 85' lang='lat' dir='ltr'>hostem</span> <span class='ocrx_word' id='word_1_64' title='bbox 1244 1008 1476 1068; x_wconf 83' lang='lat' dir='ltr'>abduci</span> <span class='ocrx_word' id='word_1_65' title='bbox 1508 1000 1704 1087; x_wconf 83' lang='lat' dir='ltr'><strong>poffe.</strong></span> <span class='ocrx_word' id='word_1_66' title='bbox 1730 998 1823 1060; x_wconf 84' lang='lat' dir='ltr'>Ad</span> 
     </span>
     <span class='ocr_line' id='line_1_11' title="bbox 425 1079 1825 1168; baseline -0.003 -22"><span class='ocrx_word' id='word_1_67' title='bbox 425 1082 649 1168; x_wconf 79' lang='lat' dir='ltr'>Caryas</span> <span class='ocrx_word' id='word_1_68' title='bbox 698 1089 946 1168; x_wconf 73' lang='lat' dir='ltr'><strong>primhm</strong></span> <span class='ocrx_word' id='word_1_69' title='bbox 993 1091 1053 1148; x_wconf 88' lang='lat' dir='ltr'>in</span> <span class='ocrx_word' id='word_1_70' title='bbox 1094 1086 1347 1148; x_wconf 87' lang='lat' dir='ltr'>hostium</span> <span class='ocrx_word' id='word_1_71' title='bbox 1398 1104 1585 1149; x_wconf 84' lang='lat' dir='ltr'><strong>terra</strong></span> <span class='ocrx_word' id='word_1_72' title='bbox 1639 1079 1825 1165; x_wconf 83' lang='lat' dir='ltr'><strong>posuit</strong></span> 
     </span>
    </p>
   </div>
   <div class='ocr_carea' id='block_1_4' title="bbox 208 1164 1823 1331">
    <p class='ocr_par' dir='ltr' id='par_1_4' title="bbox 208 1164 1823 1331">
     <span class='ocr_line' id='line_1_12' title="bbox 222 1164 1818 1250; baseline -0.002 -24"><span class='ocrx_word' id='word_1_73' title='bbox 222 1184 406 1239; x_wconf 62' lang='lat' dir='ltr'>cycnum</span> <span class='ocrx_word' id='word_1_74' title='bbox 427 1164 620 1227; x_wconf 82' lang='lat' dir='ltr'>castra.</span> <span class='ocrx_word' id='word_1_75' title='bbox 652 1164 740 1227; x_wconf 83' lang='lat' dir='ltr'>Eo</span> <span class='ocrx_word' id='word_1_76' title='bbox 773 1166 898 1250; x_wconf 87' lang='lat' dir='ltr'>ipso</span> <span class='ocrx_word' id='word_1_77' title='bbox 931 1169 1027 1230; x_wconf 86' lang='lat' dir='ltr'>die</span> <span class='ocrx_word' id='word_1_78' title='bbox 1066 1166 1359 1249; x_wconf 86' lang='lat' dir='ltr'>Gythinm</span> <span class='ocrx_word' id='word_1_79' title='bbox 1402 1179 1818 1249; x_wconf 84' lang='lat' dir='ltr'>expugnatum.</span> 
     </span>
     <span class='ocr_line' id='line_1_13' title="bbox 208 1240 1823 1331; baseline -0.009 -17"><span class='ocrx_word' id='word_1_80' title='bbox 208 1246 407 1328; x_wconf 48' lang='grc' dir='ltr'>Ξῧξὶῗξξ</span> <span class='ocrx_word' id='word_1_81' title='bbox 427 1244 509 1307; x_wconf 88' lang='lat' dir='ltr'>est</span> <span class='ocrx_word' id='word_1_82' title='bbox 543 1268 563 1321; x_wconf 78' lang='lat'>3</span> <span class='ocrx_word' id='word_1_83' title='bbox 590 1244 748 1325; x_wconf 72' lang='lat' dir='ltr'><strong>cujus</strong></span> <span class='ocrx_word' id='word_1_84' title='bbox 769 1251 852 1309; x_wconf 86' lang='lat' dir='ltr'>rei</span> <span class='ocrx_word' id='word_1_85' title='bbox 886 1249 1113 1331; x_wconf 83' lang='lat' dir='ltr'>ignarus</span> <span class='ocrx_word' id='word_1_86' title='bbox 1139 1246 1305 1309; x_wconf 81' lang='lat' dir='ltr'>Philo</span> <span class='ocrx_word' id='word_1_87' title='bbox 1350 1268 1577 1309; x_wconf 83' lang='lat' dir='ltr'>oemen</span> <span class='ocrx_word' id='word_1_88' title='bbox 1605 1290 1627 1318; x_wconf 90' lang='lat'><strong>‚</strong></span> <span class='ocrx_word' id='word_1_89' title='bbox 1652 1240 1823 1303; x_wconf 81' lang='lat' dir='ltr'>castra</span> 
     </span>
    </p>
   </div>
   <div class='ocr_carea' id='block_1_5' title="bbox 423 1321 1827 2776">
    <p class='ocr_par' dir='ltr' id='par_1_5' title="bbox 423 1321 1821 1547">
     <span class='ocr_line' id='line_1_14' title="bbox 423 1321 1821 1390; baseline -0.001 -4"><span class='ocrx_word' id='word_1_90' title='bbox 423 1327 497 1386; x_wconf 77' lang='lat' dir='ltr'>ad</span> <span class='ocrx_word' id='word_1_91' title='bbox 525 1324 982 1389; x_wconf 81' lang='lat' dir='ltr'>Barbosthenem</span> <span class='ocrx_word' id='word_1_92' title='bbox 1058 1351 1229 1390; x_wconf 84' lang='lat' dir='ltr'>mons</span> <span class='ocrx_word' id='word_1_93' title='bbox 1266 1350 1300 1389; x_wconf 89' lang='lat' dir='ltr'>e</span> <span class='ocrx_word' id='word_1_94' title='bbox 1374 1329 1616 1389; x_wconf 87' lang='lat' dir='ltr'><strong>decem</strong></span> <span class='ocrx_word' id='word_1_95' title='bbox 1654 1321 1821 1383; x_wconf 76' lang='lat' dir='ltr'>millia</span> 
     </span>
     <span class='ocr_line' id='line_1_15' title="bbox 423 1400 1816 1547; baseline -0.004 -82"><span class='ocrx_word' id='word_1_96' title='bbox 423 1405 683 1547; x_wconf 54' lang='lat' dir='ltr'>Kaffuum</span> <span class='ocrx_word' id='word_1_97' title='bbox 737 1408 808 1467; x_wconf 85' lang='lat' dir='ltr'>ab</span> <span class='ocrx_word' id='word_1_98' title='bbox 849 1408 1002 1469; x_wconf 79' lang='lat' dir='ltr'>Lace</span> <span class='ocrx_word' id='word_1_99' title='bbox 1046 1408 1319 1490; x_wconf 84' lang='lat' dir='ltr'>aemone)</span> <span class='ocrx_word' id='word_1_100' title='bbox 1354 1406 1710 1491; x_wconf 81' lang='lat' dir='ltr'>promovit.</span> <span class='ocrx_word' id='word_1_101' title='bbox 1750 1400 1816 1461; x_wconf 86' lang='lat' dir='ltr'>Et</span> 
     </span>
    </p>

    <p class='ocr_par' dir='ltr' id='par_1_6' title="bbox 423 1486 1827 2776">
     <span class='ocr_line' id='line_1_16' title="bbox 489 1486 1819 1571; baseline -0.004 -26"><span class='ocrx_word' id='word_1_102' title='bbox 489 1486 633 1561; x_wconf 81' lang='lat' dir='ltr'>abis,</span> <span class='ocrx_word' id='word_1_103' title='bbox 649 1505 886 1570; x_wconf 84' lang='lat' dir='ltr'><strong>recepto</strong></span> <span class='ocrx_word' id='word_1_104' title='bbox 905 1486 1137 1569; x_wconf 87' lang='lat' dir='ltr'>Gythio</span> <span class='ocrx_word' id='word_1_105' title='bbox 1150 1535 1169 1565; x_wconf 94' lang='lat'><strong>‚</strong></span> <span class='ocrx_word' id='word_1_106' title='bbox 1186 1511 1317 1551; x_wconf 86' lang='lat' dir='ltr'>cum</span> <span class='ocrx_word' id='word_1_107' title='bbox 1336 1488 1645 1571; x_wconf 86' lang='lat' dir='ltr'><strong>expedito</strong></span> <span class='ocrx_word' id='word_1_108' title='bbox 1670 1501 1819 1543; x_wconf 84' lang='lat' dir='ltr'><strong>exer·</strong></span> 
     </span>
     <span class='ocr_line' id='line_1_17' title="bbox 423 1564 1811 1649; baseline -0.005 -22"><span class='ocrx_word' id='word_1_109' title='bbox 423 1568 542 1627; x_wconf 82' lang='lat' dir='ltr'>citu</span> <span class='ocrx_word' id='word_1_110' title='bbox 563 1567 697 1628; x_wconf 85' lang='lat' dir='ltr'>inde</span> <span class='ocrx_word' id='word_1_111' title='bbox 727 1568 1016 1649; x_wconf 66' lang='lat' dir='ltr'>profe-stus</span> <span class='ocrx_word' id='word_1_112' title='bbox 1036 1612 1057 1642; x_wconf 92' lang='lat'>,</span> <span class='ocrx_word' id='word_1_113' title='bbox 1126 1591 1267 1631; x_wconf 86' lang='lat' dir='ltr'>unm</span> <span class='ocrx_word' id='word_1_114' title='bbox 1328 1588 1513 1631; x_wconf 85' lang='lat' dir='ltr'><strong>raeter</strong></span> <span class='ocrx_word' id='word_1_115' title='bbox 1550 1564 1811 1627; x_wconf 82' lang='lat' dir='ltr'><strong>Lacedae·</strong></span> 
     </span>
     <span class='ocr_line' id='line_1_18' title="bbox 427 1593 1813 1731; baseline -0.005 -22"><span class='ocrx_word' id='word_1_116' title='bbox 427 1668 669 1709; x_wconf 86' lang='lat' dir='ltr'>monem</span> <span class='ocrx_word' id='word_1_117' title='bbox 708 1650 915 1729; x_wconf 83' lang='lat' dir='ltr'>raptim</span> <span class='ocrx_word' id='word_1_118' title='bbox 950 1648 1084 1710; x_wconf 83' lang='lat' dir='ltr'>dux‘</span> <span class='ocrx_word' id='word_1_119' title='bbox 1132 1668 1228 1723; x_wconf 88' lang='lat' dir='ltr'>et,</span> <span class='ocrx_word' id='word_1_120' title='bbox 1260 1593 1479 1731; x_wconf 43' lang='lat' dir='ltr'>Pssrrrhi</span> <span class='ocrx_word' id='word_1_121' title='bbox 1504 1646 1536 1731; x_wconf 92' lang='lat'>(</span> <span class='ocrx_word' id='word_1_122' title='bbox 1560 1667 1693 1727; x_wconf 84' lang='lat' dir='ltr'>quae</span> <span class='ocrx_word' id='word_1_123' title='bbox 1714 1664 1813 1704; x_wconf 81' lang='lat' dir='ltr'>vo-</span> 
     </span>
     <span class='ocr_line' id='line_1_19' title="bbox 430 1725 1810 1811; baseline -0.005 -23"><span class='ocrx_word' id='word_1_124' title='bbox 430 1727 610 1809; x_wconf 78' lang='lat' dir='ltr'>cant)</span> <span class='ocrx_word' id='word_1_125' title='bbox 634 1725 833 1789; x_wconf 80' lang='lat' dir='ltr'>Castra</span> <span class='ocrx_word' id='word_1_126' title='bbox 864 1749 1009 1791; x_wconf 85' lang='lat' dir='ltr'>occu</span> <span class='ocrx_word' id='word_1_127' title='bbox 1054 1733 1170 1791; x_wconf 86' lang='lat' dir='ltr'>avit</span> <span class='ocrx_word' id='word_1_128' title='bbox 1204 1750 1427 1811; x_wconf 87' lang='lat' dir='ltr'>;quem</span> <span class='ocrx_word' id='word_1_129' title='bbox 1510 1730 1596 1789; x_wconf 86' lang='lat' dir='ltr'>eti</span> <span class='ocrx_word' id='word_1_130' title='bbox 1624 1726 1810 1785; x_wconf 87' lang='lat' dir='ltr'>locum</span> 
     </span>
     <span class='ocr_line' id='line_1_20' title="bbox 429 1804 1805 1882; baseline -0.006 -13"><span class='ocrx_word' id='word_1_131' title='bbox 429 1807 508 1869; x_wconf 76' lang='lat' dir='ltr'>ab</span> <span class='ocrx_word' id='word_1_132' title='bbox 541 1808 806 1882; x_wconf 75' lang='lat' dir='ltr'>Achaeis,</span> <span class='ocrx_word' id='word_1_133' title='bbox 841 1830 960 1872; x_wconf 87' lang='lat' dir='ltr'>non</span> <span class='ocrx_word' id='word_1_134' title='bbox 1033 1810 1285 1874; x_wconf 86' lang='lat' dir='ltr'><strong>ubitabat</strong></span> <span class='ocrx_word' id='word_1_135' title='bbox 1319 1834 1336 1872; x_wconf 70' lang='grc' dir='ltr'><strong>ι</strong></span> <span class='ocrx_word' id='word_1_136' title='bbox 1368 1812 1427 1870; x_wconf 84' lang='lat' dir='ltr'>in</span> <span class='ocrx_word' id='word_1_137' title='bbox 1479 1830 1516 1872; x_wconf 88' lang='lat' dir='ltr'>e</span> <span class='ocrx_word' id='word_1_138' title='bbox 1553 1804 1805 1868; x_wconf 84' lang='lat' dir='ltr'>hostibus</span> 
     </span>
     <span class='ocr_line' id='line_1_21' title="bbox 430 1887 1827 1974; baseline -0.006 -24"><span class='ocrx_word' id='word_1_139' title='bbox 430 1892 701 1951; x_wconf 86' lang='lat' dir='ltr'><strong>occurrit.</strong></span> <span class='ocrx_word' id='word_1_140' title='bbox 736 1887 1094 1953; x_wconf 81' lang='lat' dir='ltr'>obtinebant</span> <span class='ocrx_word' id='word_1_141' title='bbox 1128 1910 1319 1954; x_wconf 80' lang='lat' dir='ltr'><strong>autem</strong></span> <span class='ocrx_word' id='word_1_142' title='bbox 1354 1891 1547 1974; x_wconf 89' lang='lat' dir='ltr'><strong>longo</strong></span> <span class='ocrx_word' id='word_1_143' title='bbox 1584 1887 1827 1970; x_wconf 82' lang='lat' dir='ltr'>agmine-</span> 
     </span>
     <span class='ocr_line' id='line_1_22' title="bbox 428 1963 1797 2109; baseline -0.001 -80"><span class='ocrx_word' id='word_1_144' title='bbox 428 1987 671 2109; x_wconf 50' lang='lat' dir='ltr'><strong>fropter</strong></span> <span class='ocrx_word' id='word_1_145' title='bbox 701 1968 976 2052; x_wconf 84' lang='lat' dir='ltr'>angustias</span> <span class='ocrx_word' id='word_1_146' title='bbox 1008 1975 1121 2034; x_wconf 83' lang='lat' dir='ltr'>viae</span> <span class='ocrx_word' id='word_1_147' title='bbox 1154 1973 1337 2054; x_wconf 57' lang='lat' dir='ltr'>proph</span> <span class='ocrx_word' id='word_1_148' title='bbox 1367 1975 1517 2053; x_wconf 84' lang='lat' dir='ltr'>quin</span> <span class='ocrx_word' id='word_1_149' title='bbox 1564 1991 1643 2030; x_wconf 89' lang='lat' dir='ltr'>ue</span> <span class='ocrx_word' id='word_1_150' title='bbox 1687 1963 1797 2027; x_wconf 79' lang='lat' dir='ltr'><strong><em>mil-</em></strong></span> 
     </span>
     <span class='ocr_line' id='line_1_23' title="bbox 461 2046 1801 2134; baseline -0.003 -27"><span class='ocrx_word' id='word_1_151' title='bbox 461 2051 514 2108; x_wconf 85' lang='lat' dir='ltr'>ia</span> <span class='ocrx_word' id='word_1_152' title='bbox 547 2047 806 2130; x_wconf 81' lang='lat' dir='ltr'>passuum</span> <span class='ocrx_word' id='word_1_153' title='bbox 841 2073 856 2112; x_wconf 71' lang='grc' dir='ltr'><strong>ε</strong></span> <span class='ocrx_word' id='word_1_154' title='bbox 899 2053 1210 2134; x_wconf 82' lang='lat' dir='ltr'>cogebatur</span> <span class='ocrx_word' id='word_1_155' title='bbox 1246 2071 1457 2134; x_wconf 79' lang='lat' dir='ltr'>agmen</span> <span class='ocrx_word' id='word_1_156' title='bbox 1605 2046 1801 2130; x_wconf 80' lang='lat' dir='ltr'>equiti-</span> 
     </span>
     <span class='ocr_line' id='line_1_24' title="bbox 435 2123 1801 2216; baseline 0.004 -28"><span class='ocrx_word' id='word_1_157' title='bbox 435 2130 547 2189; x_wconf 81' lang='lat' dir='ltr'>bus</span> <span class='ocrx_word' id='word_1_158' title='bbox 566 2174 585 2203; x_wconf 91' lang='lat'><strong>,</strong></span> <span class='ocrx_word' id='word_1_159' title='bbox 620 2131 684 2190; x_wconf 91' lang='lat'>&amp;</span> <span class='ocrx_word' id='word_1_160' title='bbox 710 2133 959 2204; x_wconf 54' lang='lat' dir='ltr'>maxim}</span> <span class='ocrx_word' id='word_1_161' title='bbox 986 2155 1020 2192; x_wconf 80' lang='lat' dir='ltr'>a</span> <span class='ocrx_word' id='word_1_162' title='bbox 1045 2150 1205 2216; x_wconf 82' lang='lat' dir='ltr'><strong>parte</strong></span> <span class='ocrx_word' id='word_1_163' title='bbox 1236 2133 1634 2206; x_wconf 75' lang='lat' dir='ltr'>auxiliorum3</span> <span class='ocrx_word' id='word_1_164' title='bbox 1659 2123 1801 2209; x_wconf 67' lang='lat' dir='ltr'>qubd</span> 
     </span>
     <span class='ocr_line' id='line_1_25' title="bbox 434 2207 1799 2294; baseline 0 -25"><span class='ocrx_word' id='word_1_165' title='bbox 434 2207 794 2272; x_wconf 81' lang='lat' dir='ltr'>existimabat</span> <span class='ocrx_word' id='word_1_166' title='bbox 826 2211 1229 2294; x_wconf 84' lang='lat' dir='ltr'>Philopoemen</span> <span class='ocrx_word' id='word_1_167' title='bbox 1249 2258 1269 2288; x_wconf 87' lang='lat'>‚</span> <span class='ocrx_word' id='word_1_168' title='bbox 1304 2230 1625 2293; x_wconf 83' lang='lat' dir='ltr'>tyrannum</span> <span class='ocrx_word' id='word_1_169' title='bbox 1655 2225 1799 2268; x_wconf 82' lang='lat' dir='ltr'>mer-</span> 
     </span>
     <span class='ocr_line' id='line_1_26' title="bbox 433 2285 1803 2375; baseline 0.004 -25"><span class='ocrx_word' id='word_1_170' title='bbox 433 2292 675 2354; x_wconf 79' lang='lat' dir='ltr'>cenariis</span> <span class='ocrx_word' id='word_1_171' title='bbox 709 2290 980 2352; x_wconf 86' lang='lat' dir='ltr'>militibus</span> <span class='ocrx_word' id='word_1_172' title='bbox 999 2337 1020 2365; x_wconf 90' lang='lat'><strong>,</strong></span> <span class='ocrx_word' id='word_1_173' title='bbox 1054 2293 1261 2375; x_wconf 82' lang='lat' dir='ltr'>quibus</span> <span class='ocrx_word' id='word_1_174' title='bbox 1338 2291 1621 2354; x_wconf 83' lang='lat' dir='ltr'><strong>lurimum</strong></span> <span class='ocrx_word' id='word_1_175' title='bbox 1665 2285 1803 2346; x_wconf 78' lang='lat' dir='ltr'>fide-.-</span> 
     </span>
     <span class='ocr_line' id='line_1_27' title="bbox 437 2316 1799 2455; baseline 0.001 -25"><span class='ocrx_word' id='word_1_176' title='bbox 437 2371 530 2430; x_wconf 80' lang='lat' dir='ltr'>1&#39;et</span> <span class='ocrx_word' id='word_1_177' title='bbox 561 2416 581 2445; x_wconf 87' lang='lat'>‚</span> <span class='ocrx_word' id='word_1_178' title='bbox 616 2372 687 2431; x_wconf 85' lang='lat' dir='ltr'>ab</span> <span class='ocrx_word' id='word_1_179' title='bbox 721 2388 885 2454; x_wconf 87' lang='lat' dir='ltr'><strong>tergo</strong></span> <span class='ocrx_word' id='word_1_180' title='bbox 927 2371 1057 2433; x_wconf 87' lang='lat' dir='ltr'>suos</span> <span class='ocrx_word' id='word_1_181' title='bbox 1094 2393 1165 2455; x_wconf 84' lang='lat' dir='ltr'>ag</span> <span class='ocrx_word' id='word_1_182' title='bbox 1230 2316 1495 2435; x_wconf 45' lang='lat' dir='ltr'>eden-um.</span> <span class='ocrx_word' id='word_1_183' title='bbox 1532 2371 1690 2434; x_wconf 81' lang='lat' dir='ltr'>Duae</span> <span class='ocrx_word' id='word_1_184' title='bbox 1716 2385 1799 2426; x_wconf 71' lang='lat' dir='ltr'>res</span> 
     </span>
     <span class='ocr_line' id='line_1_28' title="bbox 438 2448 1795 2534; baseline 0.004 -24"><span class='ocrx_word' id='word_1_185' title='bbox 438 2448 607 2511; x_wconf 83' lang='lat' dir='ltr'><strong>fimul</strong></span> <span class='ocrx_word' id='word_1_186' title='bbox 647 2454 950 2534; x_wconf 78' lang='lat' dir='ltr'>inopinatae</span> <span class='ocrx_word' id='word_1_187' title='bbox 993 2473 1171 2534; x_wconf 84' lang='lat' dir='ltr'><strong>percu</strong></span> <span class='ocrx_word' id='word_1_188' title='bbox 1196 2470 1359 2515; x_wconf 86' lang='lat' dir='ltr'><strong>erunt</strong></span> <span class='ocrx_word' id='word_1_189' title='bbox 1406 2474 1545 2516; x_wconf 85' lang='lat' dir='ltr'>eum</span> <span class='ocrx_word' id='word_1_190' title='bbox 1584 2476 1600 2514; x_wconf 73' lang='grc' dir='ltr'>ε</span> <span class='ocrx_word' id='word_1_191' title='bbox 1650 2469 1755 2511; x_wconf 82' lang='lat' dir='ltr'>una</span> <span class='ocrx_word' id='word_1_192' title='bbox 1776 2487 1795 2516; x_wconf 74' lang='lat'><em>2</em></span> 
     </span>
     <span class='ocr_line' id='line_1_29' title="bbox 439 2527 1797 2615; baseline 0.004 -26"><span class='ocrx_word' id='word_1_193' title='bbox 439 2548 871 2614; x_wconf 78' lang='lat' dir='ltr'>praeoccupatus</span> <span class='ocrx_word' id='word_1_194' title='bbox 894 2577 914 2606; x_wconf 87' lang='lat'>‚</span> <span class='ocrx_word' id='word_1_195' title='bbox 951 2553 1125 2614; x_wconf 84' lang='lat' dir='ltr'>quem</span> <span class='ocrx_word' id='word_1_196' title='bbox 1166 2533 1435 2615; x_wconf 82' lang='lat' dir='ltr'><strong>petebat,</strong></span> <span class='ocrx_word' id='word_1_197' title='bbox 1463 2533 1634 2596; x_wconf 86' lang='lat' dir='ltr'><strong>locus</strong></span> <span class='ocrx_word' id='word_1_198' title='bbox 1671 2552 1692 2610; x_wconf 73' lang='lat'>3</span> <span class='ocrx_word' id='word_1_199' title='bbox 1726 2527 1797 2586; x_wconf 78' lang='lat' dir='ltr'>al·</span> 
     </span>
     <span class='ocr_line' id='line_1_30' title="bbox 442 2609 1789 2696; baseline -0.001 -24"><span class='ocrx_word' id='word_1_200' title='bbox 442 2627 594 2683; x_wconf 79' lang='lat' dir='ltr'><strong>tera,</strong></span> <span class='ocrx_word' id='word_1_201' title='bbox 617 2612 775 2692; x_wconf 74' lang='lat' dir='ltr'>qubd</span> <span class='ocrx_word' id='word_1_202' title='bbox 848 2614 995 2674; x_wconf 83' lang='lat' dir='ltr'><strong>rimo</strong></span> <span class='ocrx_word' id='word_1_203' title='bbox 1018 2615 1229 2696; x_wconf 84' lang='lat' dir='ltr'>agmini</span> <span class='ocrx_word' id='word_1_204' title='bbox 1254 2613 1555 2676; x_wconf 72' lang='lat' dir='ltr'>occurriss&#39;e</span> <span class='ocrx_word' id='word_1_205' title='bbox 1580 2609 1789 2674; x_wconf 87' lang='lat' dir='ltr'>hostem</span> 
     </span>
     <span class='ocr_line' id='line_1_31' title="bbox 442 2687 1793 2776; baseline -0.001 -26"><span class='ocrx_word' id='word_1_206' title='bbox 442 2691 748 2765; x_wconf 83' lang='lat' dir='ltr'>cernebat,</span> <span class='ocrx_word' id='word_1_207' title='bbox 773 2714 811 2755; x_wconf 90' lang='lat' dir='ltr'>u</span> <span class='ocrx_word' id='word_1_208' title='bbox 854 2695 911 2766; x_wconf 87' lang='lat' dir='ltr'>i,</span> <span class='ocrx_word' id='word_1_209' title='bbox 944 2715 1123 2774; x_wconf 84' lang='lat' dir='ltr'><strong>quum</strong></span> <span class='ocrx_word' id='word_1_210' title='bbox 1162 2715 1268 2776; x_wconf 86' lang='lat' dir='ltr'>per</span> <span class='ocrx_word' id='word_1_211' title='bbox 1301 2693 1430 2755; x_wconf 83' lang='lat' dir='ltr'>loca</span> <span class='ocrx_word' id='word_1_212' title='bbox 1470 2687 1793 2772; x_wconf 80' lang='lat' dir='ltr'>confragosa</span> 
     </span>
    </p>
   </div>
   <div class='ocr_carea' id='block_1_6' title="bbox 301 2765 1789 2862">
    <p class='ocr_par' dir='ltr' id='par_1_7' title="bbox 301 2765 1789 2862">
     <span class='ocr_line' id='line_1_32' title="bbox 301 2765 1789 2862; baseline 0.003 -29"><span class='ocrx_word' id='word_1_213' title='bbox 301 2809 314 2818; x_wconf 35' lang='grc' dir='ltr'>κ</span> <span class='ocrx_word' id='word_1_214' title='bbox 441 2775 554 2834; x_wconf 87' lang='lat' dir='ltr'>iter</span> <span class='ocrx_word' id='word_1_215' title='bbox 591 2771 761 2848; x_wconf 81' lang='lat' dir='ltr'>effet,</span> <span class='ocrx_word' id='word_1_216' title='bbox 793 2770 910 2834; x_wconf 85' lang='lat' dir='ltr'>fine</span> <span class='ocrx_word' id='word_1_217' title='bbox 943 2773 1093 2842; x_wconf 82' lang='lat' dir='ltr'>levis</span> <span class='ocrx_word' id='word_1_218' title='bbox 1122 2791 1421 2839; x_wconf 68' lang='lat' dir='ltr'><strong>armatura</strong></span> <span class='ocrx_word' id='word_1_219' title='bbox 1444 2773 1703 2862; x_wconf 79' lang='lat' dir='ltr'>praefidio</span> <span class='ocrx_word' id='word_1_220' title='bbox 1732 2765 1789 2838; x_wconf 55' lang='lat' dir='ltr'>fif</span> 
     </span>
    </p>
   </div>
   <div class='ocr_carea' id='block_1_7' title="bbox 56 3430 368 3678">
    <p class='ocr_par' dir='ltr' id='par_1_8' title="bbox 56 3430 368 3678">
     <span class='ocr_line' id='line_1_33' title="bbox 56 3430 368 3678; baseline 0 13"><span class='ocrx_word' id='word_1_221' title='bbox 56 3430 368 3678; x_wconf 95' lang='lat' dir='ltr'> </span> 
     </span>
    </p>
   </div>
   <div class='ocr_carea' id='block_1_8' title="bbox 445 2850 1340 2942">
    <p class='ocr_par' dir='ltr' id='par_1_9' title="bbox 445 2850 1340 2942">
     <span class='ocr_line' id='line_1_34' title="bbox 445 2850 1340 2942; baseline 0.006 -26"><span class='ocrx_word' id='word_1_222' title='bbox 445 2871 556 2938; x_wconf 80' lang='lat' dir='ltr'>gna</span> <span class='ocrx_word' id='word_1_223' title='bbox 578 2850 713 2918; x_wconf 84' lang='lat' dir='ltr'>ferri</span> <span class='ocrx_word' id='word_1_224' title='bbox 745 2874 862 2917; x_wconf 79' lang='lat' dir='ltr'>uon</span> <span class='ocrx_word' id='word_1_225' title='bbox 897 2854 1131 2918; x_wconf 82' lang='lat' dir='ltr'><strong>videbat</strong></span> <span class='ocrx_word' id='word_1_226' title='bbox 1164 2853 1340 2942; x_wconf 75' lang='lat' dir='ltr'>poss&#39;e·</span> 
     </span>
    </p>
   </div>
   <div class='ocr_carea' id='block_1_9' title="bbox 1864 2 1902 332">
    <p class='ocr_par' dir='ltr' id='par_1_10' title="bbox 1864 2 1902 332">
     <span class='ocr_line' id='line_1_35' title="bbox 1864 2 1902 332; baseline 0 -24"><span class='ocrx_word' id='word_1_227' title='bbox 1864 2 1902 332; x_wconf 49' lang='lat' dir='ltr'>N,</span> 
     </span>
    </p>
   </div>
  </div>
 </body>
</html>
