2004 3691
441 298 815 369 'LIBER
915 295 1276 368 XXXI.
1458 291 1549 393 65

141 412 471 477 {oncess‘at
499 416 749 498 praedam
777 430 1229 497 ornamentaque
1262 410 1415 475 urbis
1441 410 1548 494 ipfi
1574 428 1769 465 -.=·.····-·-·-=

153 515 516 558 avexerunt.
565 496 787 556 Attalus
812 541 832 570 ‚
871 516 944 555 ne
990 493 1269 555 desertam
1314 495 1549 555 haberet
1571 490 1775 582 ἓξὲξ

159 574 452 650 insulam,
475 580 540 639 &
565 576 954 637 Macedonum
988 574 1111 636 fere
1146 574 1450 648 omnibus,
1483 575 1548 637 δι
1681 586 1685 591 ’
1764 585 1772 591 ’

215 655 521 717 uibusdam
548 657 940 729 Andriorum,
963 673 1028 715 ut
1058 674 1389 729 manerent,
1418 676 1553 736 per«,

162 676 348 797 Erasit
383 760 399 798 z
483 737 641 798 ostea
679 740 744 800 &
773 737 844 797 ab
876 736 1093 809 Delio,
1126 740 1225 819 qui
1271 758 1344 797 ex
1384 735 1555 819 paRQ

165 816 402 879 transve
461 821 472 833 '
504 820 578 879 eb
599 818 850 891 fuerant,
869 815 1153 901 promiffis
1176 821 1355 901 regis,
1376 838 1558 899 quum

169 896 526 960 defiderium
647 920 803 983 oque
843 900 1039 979 patriae
1072 897 1290 959 facilius
1326 898 1398 957 ad
1432 919 1558 959 cre·-

172 976 442 1039 dendum
485 982 577 1040 inc
603 983 784 1039 'naret
828 981 1052 1037 animos
1079 1022 1098 1052 ,
1134 981 1411 1039 revocati.
1456 978 1557 1039 Ab

171 1058 391 1121 Andro
422 1058 730 1141 Cythnum
762 1056 1108 1139 trajecerunt
1143 1080 1157 1119 ε
1193 1059 1273 1118 ibi
1309 1058 1431 1118 dies
1465 1058 1563 1117 ali-

226 1140 354 1199 uot'
382 1140 774 1223 oppugnanda
823 1138 966 1199 urbe
1020 1140 1411 1221 nequidquam
1460 1140 1567 1199 ab-

179 1162 401 1301 ?umpti
430 1243 449 1295 ;
482 1222 582 1296 &,
683 1223 736 1279 ia
765 1221 868 1280 vix
900 1241 937 1279 0
981 1240 1093 1278 erae
1129 1222 1374 1302 pretium
1408 1237 1563 1294 erat,

179 1297 514 1363 abscessere.
551 1302 612 1362 A
684 1299 896 1361 Prafias
926 1241 978 1381 Σ
971 1303 1317 1361 continentis
1348 1299 1564 1361 Atticae

181 1382 234 1441 is
269 1381 434 1441 locus
472 1378 594 1463 est)
629 1378 920 1447 Iffaeorum
955 1383 1163 1463 viginti
1198 1380 1375 1441 lembi
1411 1378 1563 1441 classi

183 1460 594 1523 Romanorum
625 1459 874 1540 adjunffi
906 1458 1073 1521 sunt:
1107 1463 1146 1521 ii
1176 1460 1321 1521 miffi
1350 1462 1422 1520 ad
1455 1482 1568 1543 po-

187 1542 472 1623 pulandos
498 1539 902 1623 Carystiorum
929 1562 1133 1624 agros:
1164 1560 1357 1603 cetera
1380 1540 1565 1603 classis

188 1620 549 1697 Geraestum,
571 1622 831 1683 nobilem
858 1621 1097 1683 Euboeae
1129 1642 1362 1704 portum
1378 1668 1399 1695 ,
1422 1624 1565 1685 dum

189 1724 227 1765 a
253 1700 507 1784 Carysto
536 1700 679 1767 Iffaei
712 1704 963 1765 redirent
979 1748 997 1778 ,
1021 1706 1224 1766 tenuit.
1256 1702 1400 1767 Inde
1432 1724 1565 1764 om.-
1613 1766 1621 1771 ,

189 1804 329 1858 nes,
345 1784 493 1844 velis
517 1784 575 1842 in
597 1783 774 1844 altum
796 1782 972 1860 datis,
991 1785 1161 1843 maris
1188 1784 1387 1844 medio
1416 1806 1567 1865 prae-

189 1882 282 1928 ter
315 1863 566 1944 Scyrum
601 1864 838 1927 insulam
876 1863 1039 1924 Icum
1076 1885 1447 1947 pervenere:
1484 1865 1569 1925 ibi

192 1967 409 2028 paucos
443 1945 566 2031 ἀίει)-
587 1991 606 2020 ,
633 1941 902 2008 saeviente
934 1945 1126 2008 Borea
1146 1991 1165 2018 ‚
1190 1948 1435 2016 retenti,
1464 1946 1567 2020 ubi

192 2029 378 2119 prima
408 2024 775 2106 tranquillitas
809 2025 941 2087 data
975 2024 1060 2088 est
1079 2069 1099 2098 ‚
1124 2023 1415 2088 Sciathum
1448 2043 1565 2086 tra·

194 2103 712 2188 jecer'e‚vastatam
732 2106 935 2168 urbem
959 2105 1358 2188 direptamque
1383 2127 1566 2186 nuper

197 2209 232 2248 a
251 2186 390 2248 Phili
436 2208 534 2268 po..
555 2185 664 2247 Per
688 2207 855 2282 agros
882 2187 1056 2268 palati
1085 2186 1294 2246 milites
1316 2184 1569 2248 frumen-

195 2283 354 2343 tum,
381 2209 446 2328 ξι
468 2264 512 2326 fi
535 2288 648 2348 qua
673 2267 785 2326 aha
811 2265 934 2327 usui
969 2263 1081 2330 esse
1113 2265 1186 2328 ad
1212 2264 1569 2329 vescendum

200 2363 510 2431 poterant,
536 2347 608 2408 ad
648 2367 828 2410 naves
865 2347 1113 2410 retulere
1147 2369 1164 2407 z
1207 2347 1417 2428 praedae
1456 2368 1568 2414 nee

198 2443 323 2492 erat
357 2426 830 2507 quidquam,nec
861 2443 1187 2488 meruerant
1215 2425 1441 2498 Graeci‚
1464 2449 1567 2490 cur

198 2508 605 2590 diriperentur.
646 2506 790 2567 Inde
831 2503 1232 2572 Caffandream
1263 2524 1569 2588 petentes,

203 2589 394 2672 primo
419 2587 492 2646 ad
518 2585 790 2659 Mendin,
810 2589 1158 2648 maritimum
1181 2589 1421 2650 civitatis
1445 2587 1571 2668 ejus

203 2671 432 2742 vicum,
452 2684 688 2728 tenuere
715 2688 729 2726 ε
761 2667 894 2731 inde
920 2687 1128 2749 quum,
1147 2666 1409 2748 superato
1434 2689 1573 2747 pro-

202 2749 529 2824 montorio,
543 2748 614 2808 ad
631 2745 750 2830 ipsa
769 2751 984 2830 moenia
1002 2747 1158 2812 urbis
1182 2749 1568 2828 circumagere

205 2829 430 2901 classem
467 2828 688 2896 vellent
708 2872 730 2904 2
765 2827 916 2896 saeva
955 2829 1157 2894 coorta
1193 2825 1572 2908 tempestate-5·

201 2910 385 3000 prope
417 2907 610 2996 obruti
645 2907 942 2989 fluffibus,
969 2906 1245 2994 dispersi,
1264 2927 1471 2996 magna
1499 2925 1577 3016 ,ἐξ
