2004 3691
98 371 296 414 ἐι-ὑ.-

104 438 140 477 [J
150 451 202 477 .c.
211 449 226 488 ς
235 449 294 484 52·

97 488 192 530 200.
207 500 298 530 200.

314 231 362 312 8
715 231 1307 310 T.L1V11

321 359 523 448 Quam·
543 373 648 414 mn
677 353 908 434 sinatus
934 354 1271 438 populusque
1302 359 1586 419 Romanus
1622 351 1705 421 Pl?

319 435 1407 600 2352352225‘351‘uz'zmffls'mizffii
1422 457 1700 598 Ὲὲἒῇἒςῖἷ

321 621 392 662 ac
419 599 629 659 nomini
653 598 890 670 Latino,
918 599 1045 658 bene
1074 621 1144 660 ac
1159 597 1398 679 fclicim
1421 603 1651 660 eveniret
1670 621 1696 659 .-

321 677 642 740 secundum-
675 699 804 740 rem
846 678 1105 740 divinam
1144 681 1651 762 precationemque
1672 715 1698 752 -,
1787 676 1800 689 '

323 772 390 828 ut
420 760 493 819 de
529 757 830 840 republica-
859 759 1051 842 deque
1084 761 1401 840 provinciis
1436 759 1697 820 senatum

323 838 710 900 consulerent.
749 839 856 900 Per
893 859 996 902 eos
1037 841 1161 900 dies
1204 841 1533 922 opportune
1571 841 1699 899 irri-

323 919 515 984 tandis
535 919 607 980 ad
628 918 848 980 bellum
871 921 1105 996 animis,
1118 921 1400 983 &litterae
1426 943 1459 980 a
1478 919 1567 980 M.
1583 919 1703 981 Au-

323 1001 474 1062 relio
503 999 728 1084 legato,
747 1001 813 1062 &
833 999 1161 1062 M.Valerio
1182 1000 1421 1062 Laevino
1450 1021 1700 1084 proprae·

325 1097 456 1142 tore
489 1081 669 1141 allatae
694 1103 713 1155 ;
744 1081 810 1142 &
829 1079 1269 1142 Atheniensium
1300 1102 1458 1142 nova
1490 1081 1708 1163 legatio

329 1164 532 1236 venit,
568 1183 696 1242 quae
741 1181 938 1242 regem
987 1164 1446 1244 appropinquare
1492 1159 1707 1232 finibua

258 1262 262 1266 ·
331 1239 445 1302 suis
485 1245 770 1302 nuntiaret
804 1263 824 1315 3
859 1240 1143 1322 brevique
1163 1287 1182 1315 ,
1216 1263 1337 1302 non
1374 1263 1543 1333 agros
1576 1265 1705 1303 mo-

335 1321 456 1393 db,
489 1318 587 1382 sed
627 1323 832 1382 urbem
873 1325 1048 1382 etiam
1093 1344 1151 1380 m
1192 1322 1409 1382 ditione
1450 1344 1575 1401 ejus
1612 1322 1710 1384 fu·-

336 1420 561 1474 turam,
586 1401 691 1462 nisi
725 1400 864 1482 quid
899 1405 958 1460 in
987 1401 1269 1462 Romanis
1304 1403 1494 1462 auxilii
1530 1403 1709 1465 foret.

339 1481 551 1561 Quum
592 1480 1042 1564 pronuntiassent
1081 1481 1340 1543 consules
1355 1529 1375 1558 ‚
1398 1503 1519 1544 rem
1556 1484 1713 1546 divi-

339 1583 475 1622 nam
521 1564 626 1624 rite
671 1561 984 1644 pet-feclam
1032 1561 1177 1635 effe,
1212 1566 1277 1626 &
1312 1568 1708 1644 precationem

340 1641 620 1704 admififfe
671 1644 813 1704 deos
859 1643 1139 1725 aruspices
1186 1643 1573 1724 respondere,
1606 1645 1711 1706 lae-⁵

339 1739 398 1784 ta
437 1745 510 1784 ue
556 1741 683 1784 exta
719 1722 878 1784 fuiffe
897 1769 919 1797 ‚
948 1725 1013 1786 δε
1044 1722 1427 1806 prolationem
1468 1725 1668 1787 finium
1687 1771 1711 1800 ,

341 1746 789 1885 vffioriamque,
806 1805 870 1865 δι
885 1804 1235 1885 triumphum
1259 1807 1563 1887 portendi,
1584 1825 1713 1869 tum

342 1886 552 1945 litterae
582 1884 802 1945 Valerii
837 1884 1171 1967 Aureliique
1207 1886 1404 1960 leciae,
1438 1888 1502 1947 &
1536 1889 1589 1947 le
1632 1892 1713 1949 ati

345 1964 786 2032 Atheniensium
820 1966 1015 2027 auditi.
1042 1963 1280 2026 Senatus
1315 1968 1451 2027 inde
1486 1908 1715 2027 confful-

346 2065 472 2107 tum
504 2044 715 2107 facium
745 2044 860 2120 est,
883 2064 946 2106 ut
968 2044 1134 2106 sociis
1157 2048 1350 2128 gratiae
1376 2068 1715 2131 agerent-ur,

347 2127 510 2207 quod
543 2126 643 2185 diu
676 2126 993 2200 sollicitati,
1022 2148 1097 2187 ne
1130 2126 1443 2187 obsidioni-s
1476 2130 1715 2210 quidem

347 2224 510 2275 metu
535 2204 652 2266 fide
678 2204 1029 2269 deceffissent
1048 2230 1064 2267 ε
1086 2207 1157 2268 de
1189 2210 1401 2267 auxilio
1424 2210 1713 2271 mittendo

349 2308 475 2349 tum
521 2285 867 2368 respondere
921 2288 1183 2369 placere,
1224 2310 1403 2369 quum
1454 2289 1715 2351 consules

350 2370 680 2450 provincias
721 2367 899 2428 sortiti
935 2366 1113 2429 effent
1144 2390 1163 2442 ;
1200 2386 1369 2451 atque
1402 2371 1449 2429 is
1483 2370 1715 2445 consul,

351 2451 446 2509 cui
469 2446 817 2509 Macedonia
847 2450 1146 2530 provincia
1176 2448 1485 2525 evenisset,
1507 2452 1579 2511 ad
1608 2474 1719 2533 po-

276 2600 280 2604 ,
349 2529 554 2613 pulum
574 2528 882 2602 tulifl'et‚ut
894 2524 1157 2613 Philippo
1179 2533 1300 2615 regi
1320 2530 1719 2595 Macedonum

351 2610 698 2671 indiceretur
733 2610 972 2673 bellum.

433 2690 543 2751 VI.
599 2688 662 2749 P.
703 2688 956 2771 Sulpicio
1019 2694 1316 2773 provincia
1367 2692 1717 2753 Macedonia

354 2768 506 2833 sorte
546 2772 776 2844 evenit,
806 2771 966 2854 isque
1005 2775 1361 2854 rogationem
1394 2773 1722 2855 promulga-

357 2852 444 2917 vit
459 2896 478 2925 ‚
505 2856 567 2915 V
559 2853 718 2913 ellent
725 2897 750 2925 ,
767 2850 1013 2935 juberem
1039 2854 1299 2936 Philippo
1328 2857 1437 2938 regi
1456 2856 1725 2921 Macedo—s
