2004 3691
455 200 590 296 328
843 198 1453 272 T.L1r11

232 351 440 394 ιιι-,5
533 314 783 379 XXXII.
805 315 997 398 Hujus
1016 318 1345 378 orationem
1365 311 1669 376 subsecuta
1686 303 1794 371 mul·

237 408 433 463 uasto.
450 398 705 459 titudinis
736 418 939 494 preces
983 396 1128 458 sunt.
1162 395 1537 538 Eufflochu's
1575 414 1643 453 ex
1676 412 1793 451 con-

229 461 428 515 ''c·¹⁹²'
451 478 586 539 cilio
615 480 912 542 itinenhus
947 478 1192 540 occultis
1226 500 1259 537 a

1338 494 1577 559 portam
1592 520 1611 549 ‚
1648 491 1788 553 atque

279 586 420 629 aeeou
447 558 586 619 inde
633 561 897 643 protinus
947 562 1009 619 in
1051 558 1329 621 AEtoliam
1372 556 1553 641 profu
1594 558 1650 615 't.
1688 552 1797 613 Iam
1888 628 1890 635 Ι

230 637 415 725 22⁸3:
447 641 603 701 enim
623 685 643 715 ‚
678 641 743 703 &
779 641 843 701 id
880 640 1064 723 magis
1098 641 1157 699 in
1192 639 1317 699 dies
1345 682 1367 712 ,
1400 638 1586 699 AEtoi
1624 632 1791 696 defec-

227 734 342 775 dent.

443 721 672 781 tionem
706 720 997 781 nudabant
1030 742 1051 794 ;
1088 739 1279 802 eoque
1316 716 1445 800 ipso
1477 716 1633 778 forte
1670 732 1791 775 tem·

441 816 591 882 pore
620 797 822 862 Thoas
843 845 862 874 ‚
939 804 1163 881 rinceps
1197 802 1420 883 gemitu,
1444 817 1625 879 quem
1650 794 1791 855 mise·
1890 824 1892 843 =

439 895 569 941 rant
585 881 660 941 ad
682 824 1042 945 Antioczum
1056 924 1075 953 ,
1092 881 1341 941 redierat
1360 922 1380 953 ‚
1406 880 1663 961 indeque
1684 875 1789 935 Me-

439 962 686 1056 nippum
729 959 922 1023 secum
961 961 1274 1021 adduxerat
1292 1006 1311 1036 ,
1350 980 1415 1021 re
1458 962 1505 1019 ‘s
1544 960 1789 1041 legatum.

439 1038 574 1181 qm
592 1085 613 1117 ,
641 1041 966 1125 priusquam
1001 1043 1314 1103 concilium
1332 1043 1402 1101 iis
1464 1056 1684 1111 aretur,
1702 1039 1787 1097 im·

505 1137 746 1183 everant
775 1124 1043 1184 omnium
1080 1142 1242 1183 aures
1262 1164 1283 1197 ‚
1316 1118 1618 1182 terrestres
1640 1139 1793 1179 nava-
1894 1118 1896 1125 ’

467 1198 638 1282 esque
679 1206 876 1285 copias
922 1202 1441 1265 commemorando
1473 1224 1493 1278 3
1536 1202 1787 1283 Ingentem
1897 1262 1898 1271 ἶ

439 1304 557 1345 vm
596 1286 838 1363 peditum
877 1287 1219 1365 equitumque
1252 1285 1433 1344 venire
1474 1304 1494 1341 .·
1528 1304 1601 1341 ex
1642 1284 1788 1342 India

437 1364 754 1443 elephantos
780 1388 800 1423 ε
839 1383 968 1425 ante
989 1368 1177 1425 omnia
1207 1363 1236 1459 ζ
1258 1384 1378 1446 quo
1401 1362 1655 1423 maxime
1676 1382 1788 1445 1130-

437 1444 567 1503 veri
603 1442 917 1504 credebant
945 1444 1326 1505 multitudinis
1362 1446 1586 1504 animos
1617 1441 1645 1524 )
1678 1460 1787 1501 tan-

437 1540 553 1583 tum
586 1526 787 1584 advehi
831 1527 953 1585 auri
971 1570 995 1597 ,
1037 1542 1097 1585 ut
1141 1523 1289 1607 ipsivs
1329 1546 1491 1585 emere
1524 1528 1785 1585 Romanos

429 1604 612 1744 ff.
653 1604 990 1687 Apparebat
1011 1649 1031 1681 ,
1068 1606 1208 1687 quid
1240 1625 1309 1666 ea
1347 1607 1537 1666 oratio
1568 1609 1628 1663 in
1658 1624 1783 1663 con-

475 1686 488 1699 ’
515 1686 574 1745 ‘o
607 1702 836 1747 motura
873 1684 1013 1747 effet
1047 1706 1066 1758 ;
1096 1704 1229 1745 nam
1280 1687 1348 1748 &
1394 1682 1609 1748 veniss'e
1652 1704 1743 1743 eos
1762 1728 1783 1757 ‚

434 1765 506 1827 δι
525 1811 544 1840 ,
579 1786 710 1849 quae
752 1783 986 1850 agerent
1000 1810 1027 1838 ,
1060 1770 1252 1827 omnia
1284 1765 1561 1827 Romanis
1604 1766 1657 1825 le
1692 1766 1783 1823 atis

435 1844 844 1908 deferebantur
865 1869 880 1908 τ
909 1849 1005 1920 &,
1024 1863 1373 1930 quamquam
1391 1847 1575 1930 prope
1595 1847 1662 1906 ab
1684 1844 1779 1907 cisa

433 1947 532 1988 res
556 1945 676 1988 erat
698 1973 716 2003 ,
743 1945 935 1988 tamen
957 1949 1079 1989 non
1099 1928 1171 1988 ab
1207 1947 1269 1989 re
1298 1927 1413 1988 effe
1438 1927 1679 2008 Quintio
1700 1928 1779 1987 vi·

431 2005 560 2068 fiam
583 2007 665 2068 est
684 2053 704 2083 ‚
727 2007 1013 2070 sociorum
1032 2008 1256 2091 aliquos
1289 2008 1512 2092 legatos
1539 2003 1767 2069 intel-effe

433 2089 494 2147 ei
526 2089 778 2150 concilio
796 2133 816 2163 ,
851 2091 949 2171 qui
981 2089 1362 2150 admonerent
1391 2088 1661 2150 Romana
1690 2085 1771 2167 sq-

433 2169 654 2228 cietatis
693 2169 924 2230 AEtolos
944 2215 965 2244 ,
1001 2173 1101 2251 qui
1138 2189 1351 2232 vocem
1386 2170 1623 2231 liberam
1652 2170 1770 2228 mit·

432 2262 558 2308 tere
578 2250 852 2313 advershs
871 2250 1023 2332 regis
1041 2251 1292 2333 legatum
1310 2251 1600 2312 auderent.
1615 2247 1772 2310 Athe·

434 2326 660 2391 nienses
705 2331 953 2392 maxime
987 2333 1047 2390 in
1088 2350 1219 2392 eam
1274 2347 1400 2392 rem
1448 2331 1639 2392 idonei
1674 2327 1771 2390 vifi

397 2461 404 2468 .
432 2405 562 2467 {unt
587 2453 606 2482 ,
641 2428 876 2494 propter
907 2412 975 2474 &
1010 2413 1255 2474 civitatis
1306 2412 1365 2472 di
1445 2414 1629 2473 ‘tatem
1649 2453 1671 2482 ‚
1712 2410 1770 2471 δι

343 2505 348 2508 ·
429 2486 719 2549 vetustam
752 2491 1085 2552 societatem
1130 2512 1265 2552 cum
1378 2494 1512 2554 tolis
1547 2515 1563 2554 ε
1598 2490 1667 2552 ab
1706 2491 1771 2548 iis

271 2580 424 2662 cmi-
435 2564 716 2646 Quintius
755 2573 921 2652 petiit
944 2616 964 2646 ‚
997 2589 1063 2631 ut
1102 2571 1320 2656 legatos
1368 2575 1443 2634 ad
1489 2569 1767 2633 Panaetoli-

226 2631 321 2668 Bam
343 2629 404 2670 Pa

221 2680 379 2717 mm.
402 2704 409 2711 .
436 2667 570 2709 cum
593 2651 904 2712 concilium
928 2653 1238 2714 mitterent.
1272 2651 1473 2714 Thoas
1490 2655 1692 2736 primus
1711 2653 1765 2710 in

433 2749 508 2790 eo
527 2731 772 2790 concilio
804 2733 1147 2794 renuntiavit
1166 2731 1531 2815 legationem.
1550 2731 1767 2812 Menip-

425 2831 534 2894 pus
567 2808 696 2897 post
729 2831 862 2876 eum
895 2810 1240 2878 intromissus
1250 2857 1274 2892 ,
1318 2816 1591 2898 Optimum
1608 2807 1765 2893 fuiffi
