2004 3691
431 298 808 375 LIBER
906 306 1290 383 XXXV.
1406 304 1545 411 317⁵y

154 402 489 483 sententiam
534 420 726 480 diceret
753 444 779 495 ,·
815 420 1062 487 statuere
1116 430 1541 511 quamprimum
1564 460 1759 493 εει-εει

169 486 329 568 ipsos
351 538 374 568 ‚
407 498 546 577 quid
591 502 812 562 vellent
841 502 1010 585 juffit.
1030 510 1309 571 Praetorem
1338 514 1544 573 decreta
1562 514 1764 615 9·ὃῇξέ

171 588 352 631 eorum
385 596 504 635 cum
523 580 641 657 fide
677 582 734 641 G·
764 586 895 644 curci
925 586 1287 667 exficutumm
1320 610 1349 664 ,⁶
1385 596 1549 654 anni·
1586 593 1600 607 '
1654 591 1667 606 ⁰

119 664 122 669 ·
173 668 478 734 xummque
496 701 516 729 ,
545 678 647 733 ut,
681 682 942 742 quantum
975 668 1034 729 ia
1058 672 1275 749 consilio
1306 674 1545 734 humano

165 733 401 810 positum
437 736 560 815 fft
579 786 602 812 ,
635 766 733 803 nec
760 749 924 825 pacis
966 768 1058 809 eos
1090 753 1361 831 paeniteret
1379 798 1404 825 ,
1448 770 1545 815 nee

175 810 326 871 belli.
368 814 505 877 Plus
539 838 607 879 ea
642 826 827 885 oratio
871 832 1152 891 momenti
1194 832 1265 892 ab
1304 835 1547 894 incitan-

178 889 288 951 dos
311 896 386 955 ad
411 894 633 961 bellum
669 903 865 965 habuit
883 952 904 981 ,
934 908 1106 991 quim
1141 910 1182 970 fi
1205 914 1401 993 aperte
1423 914 1543 975 sua·

176 969 378 1037 dendo
396 982 768 1059 cupiditatem
803 1008 894 1047 res
929 990 1167 1071 gerendi
1197 992 1548 1057 ostendisset.

176 1048 380 1136 ltaque
409 1060 631 1142 ingenti
672 1065 946 1129 consensu
979 1068 1199 1131 bellum
1248 1070 1547 1136 decretum

179 1132 262 1193 est
292 1158 308 1196 ε
343 1154 578 1222 tempus
607 1146 840 1208 &ratio
868 1148 1293 1213 administrandi
1337 1154 1459 1235 ejus
1481 1156 1549 1215 li-

177 1212 316 1275 bera
349 1226 586 1299 praetori
618 1226 882 1306 permiss‘a
912 1230 1053 1293 sunt.
1098 1232 1499 1317 Philopoemen
1524 1283 1545 1311 ,

178 1314 563 1381 praeterquam
598 1309 758 1385 quod
792 1310 870 1369 ita
888 1309 1141 1390 Quintio
1160 1314 1416 1397 placeret
1432 1360 1451 1391 ,
1478 1318 1545 1379 &

177 1375 295 1457 ipse
319 1379 683 1446 existimabat
703 1388 932 1451 classem
954 1390 1277 1455 Romanam
1312 1396 1549 1480 exspec-

181 1457 451 1535 tandam,
480 1486 610 1546 quae
653 1488 688 1527 a
719 1472 862 1529 mari
895 1470 1184 1555 Gythium
1225 1480 1371 1538 tueri
1411 1478 1551 1560 posss-

179 1533 262 1598 set
300 1561 320 1613 3
359 1540 464 1603 sed
494 1563 756 1609 metuens
775 1594 796 1623 ‚
829 1572 905 1611 ne
947 1554 1281 1617 dilationem
1308 1578 1397 1617 res
1428 1581 1550 1620 non

185 1634 520 1699 pateretur,
555 1628 621 1688 &
669 1651 789 1691 non
836 1630 897 1693 G
946 1634 1129 1695 thium
1176 1635 1359 1696 solum
1388 1682 1407 1711 ,
1450 1636 1551 1700 sed

185 1700 513 1835 Rraefidium
547 1730 780 1793 quoque
805 1714 886 1771 mi
931 1735 1030 1773 um
1064 1715 1135 1773 ad
1164 1717 1437 1776 tuendam
1462 1740 1554 1777 ur·-

229 1800 322 1840 em
360 1788 754 1870 amitteretur,
815 1813 994 1856 naves
1041 1792 1395 1858 Achaeorum
1446 1798 1552 1859 de·-

191 1859 367 1927 duxit.

267 1941 496 2010 XXVI.
529 1948 984 2034 Comparaverat
1015 1959 1080 2020 &
1115 1973 1392 2040 tyrannus
1422 1981 1554 2039 mo,-

192 2021 377 2087 dicam
410 2029 639 2091 classem
675 2035 746 2093 ad
777 2035 1136 2116 prohibenda
1157 2085 1177 2115 ‚
1212 2039 1256 2100 fi
1288 2049 1403 2122 'qua
1446 2044 1559 2102 ob-

191 2099 340 2166 seffis
373 2113 522 2170 mari
562 2110 1027 2178 submitterentur
1046 2165 1067 2194 ‚
1147 2119 1360 2182 raefidia
1384 2165 1405 2195 ‚
1437 2139 1584 2205 tres-

189 2183 359 2246 testas
387 2211 568 2251 naves
589 2238 608 2267 ‚
638 2197 702 2256 &
733 2195 956 2258 lembos
1027 2143 1293 2282 ristpesqge
1311 2248 1330 2277 ‚
1352 2204 1557 2278 tradita

193 2283 391 2328 vetere
425 2271 592 2333 claffe
626 2295 700 2334 ex
736 2275 960 2339 foedere
1054 2283 1295 2341 omanis.
1330 2280 1556 2342 Harum

193 2363 480 2412 novarum
516 2368 640 2413 tum
671 2359 909 2418 navium
951 2378 982 2418 a
1026 2360 1261 2420 ilitatem
1292 2377 1354 2420 ut
1383 2381 1557 2441 expe-

197 2425 432 2504 riretur,
459 2431 623 2495 simul
647 2454 710 2497 ut
735 2441 931 2498 omnia
982 2443 1087 2499 atis
1114 2458 1249 2520 apta
1276 2441 1349 2500 ad
1375 2461 1559 2502 certa-

195 2525 331 2566 men
350 2511 526 2574 effent
544 2559 562 2585 ‚
584 2517 890 2596 proveaos
905 2521 965 2580 in
982 2520 1160 2580 altum
1181 2521 1441 2602 quotidie
1468 2547 1561 2584 re-

197 2588 412 2669 migem
443 2595 800 2680 militemque
831 2597 1142 2662 simulacris
1180 2604 1395 2663 navalis
1450 2626 1560 2686 pu-

277 2691 323 2728 ae
353 2677 691 2749 exercebat,
721 2681 780 2738 in
815 2701 888 2741 eo
911 2698 1059 2741 ratus
1084 2685 1232 2744 verti
1263 2683 1420 2764 spem
1448 2685 1558 2744 ob-

225 2747 474 2828 idionis,
510 2754 552 2814 si
642 2757 859 2820 raefidia
909 2764 1190 2823 maritima
1230 2764 1563 2824 interclusis-

202 2823 299 2888 set.
341 2831 558 2895 Praetor
652 2838 942 2901 chaeorum
969 2887 988 2917 ‚
1035 2843 1175 2904 ficut
1210 2841 1559 2906 terrestrium

201 2916 576 2978 certaminum
612 2937 730 2981 arte
769 2925 1037 3004 quemvis
1066 2924 1359 2987 clarorum⁴
1377 2925 1563 3006 impe*

1154 3002 1217 3068 0
1262 3001 1321 3086 iij
