2004 3691
412 234 801 309 'LIBER
900 239 1259 313 XXXI.
1432 238 1535 333 71⁴.

119 367 367 433 quoque
392 355 784 416 immortalibus
797 376 900 437 per
919 358 1149 417 triduum
1170 356 1530 439 fitpplicatio·
1556 363 1756 417 ιε’-Ξ

123 456 240 495 nes
263 434 497 497 habitas
511 482 536 508 ,
558 438 704 517 quba'
727 438 853 498 bene
871 436 1187 517 acftliciter
1197 481 1220 509 ,
1244 460 1353 497 non
1380 438 1531 517 qubd
1547 438 1761 529 fec-{222

131 515 298 575 male'
341 538 411 576 ac
451 536 631 577 temere
672 516 964 597 respublica
1006 542 1045 577 a
1096 521 1163 579 L.
1196 521 1359 579 Furio
1390 540 1528 599 prae-
1573 514 1585 529 ’
1632 509 1646 528 ’
1690 546 1696 550 ·

136 612 264 654 tore
289 599 437 678 gesta
458 597 597 676 fft.
620 601 780 658 Data
791 596 1117 679 samniam
1157 602 1393 680 quodam
1411 603 1532 665 Fu?

139 677 242 735 n’ae
313 681 427 739 enti
463 678 690 740 Gallica
732 680 891 740 bella.
1100 691 1107 695 “

297 757 460 819 LIX.
501 757 690 841 Hujus
757 762 942 820 eneris
976 760 1332 821 orationibus
1356 759 1530 842 ipfius
1565 776 1709 839 farta

139 840 596 924 amicorumque
644 843 706 901 vi
761 862 796 900 a
837 839 919 901 est
950 885 968 914 ‚
1019 836 1308 923 praesentis
1352 842 1533 924 gratia
1552 838 1689 929 {siff

143 924 422 999 praetoris
442 967 461 996 ‚
487 920 734 982 absentis
755 921 1002 982 consulis
1019 920 1280 1000 majestas
1302 945 1321 997 3
1344 926 1535 985 trium-

189 1000 459 1083 humque
485 1002 822 1085 frequentes
843 1001 912 1062 L.
936 1000 1114 1061 Furio
1140 1000 1540 1067 decreverunt.

142 1021 574 1163 ffriumphavit
601 1084 676 1143 de
710 1081 894 1144 Gallis
921 1082 980 1141 in
1001 1078 1325 1164 magistratu
1349 1081 1414 1142 L.
1430 1082 1539 1143 Fu-

150 1162 280 1221 rius
314 1178 549 1243 praetor.
583 1162 651 1223 In
683 1164 944 1222 aerarium
983 1162 1113 1222 tulit
1156 1180 1410 1224 trecenta
1448 1162 1542 1224 vi*-

150 1243 306 1323 ginti
345 1244 530 1303 millia
559 1246 684 1304 aeris
707 1288 730 1318 ,
768 1244 988 1325 argenti
1024 1259 1267 1334 gentum
1313 1242 1542 1325 septua-

150 1325 324 1404 ginta
345 1324 521 1384 millia
551 1325 754 1406 pondo
778 1346 794 1385 t
821 1344 1011 1405 neque
1041 1326 1256 1405 captivi
1278 1325 1378 1386 ulli
1402 1342 1539 1387 ante

151 1425 398 1465 currum
423 1404 611 1480 duat,
635 1426 826 1487 neque
849 1403 1031 1486 spolia
1050 1405 1282 1486 praelata
1303 1450 1322 1479 ,
1346 1425 1539 1488 neque

157 1485 380 1547 milites
421 1484 596 1547 secuti
629 1508 644 1547 ε
681 1487 879 1545 omnia
897 1531 916 1561 ‚
949 1502 1159 1567 praeter
1193 1484 1495 1547 vieloriam
1516 1532 1539 1562 ‚

156 1586 346 1646 penes
366 1565 662 1629 consulem
680 1565 790 1627 esse
808 1566 1138 1648 apparebat.
1158 1565 1305 1627 Ludi
1326 1566 1540 1629 deinde

157 1666 199 1705 a
235 1644 302 1707 P.
336 1645 620 1709 Cornelio
670 1645 985 1728 Scipione,
1025 1667 1173 1727 quos
1236 1646 1432 1709 consul
1476 1650 1539 1707 in

158 1725 372 1787 Africa
397 1745 647 1790 voverat
667 1772 690 1802 ,
721 1748 932 1811 magno
963 1745 1239 1809 apparatu
1273 1726 1419 1789 faffi.
1460 1726 1536 1788 Et
1605 1748 1767 1793 veen-³4

162 1808 246 1870 de
280 1810 428 1892 agris
467 1810 714 1872 militum
747 1807 873 1892 ejus
903 1810 1205 1870 decretum
1223 1856 1242 1884 ,
1271 1826 1369 1884 ut,
1396 1826 1538 1892 quot
1556 1800 1763 1885 {¹22⁴ss

213 1887 409 1972 uisque
455 1912 660 1952 eorum
705 1913 886 1952 annos
926 1893 986 1950 in
1018 1889 1297 1972 Hispania
1338 1908 1437 1951 aut
1475 1894 1536 1951 in
1554 1877 1762 1986 ¹²32&ss

234 1970 373 2032 frica
417 1971 701 2034 militasset
721 2017 742 2048 ,
781 1974 842 2032 in
881 1970 1133 2054 singulos
1176 1994 1358 2033 annos
1404 1959 1585 2033 bina?
1690 1967 1709 1997 ⁸

165 2050 372 2137 jugera
393 2056 514 2114 acci
559 2071 714 2115 eret:
742 2073 877 2115 eum
900 2071 1106 2135 agrum
1130 2052 1446 2114 decemviri
1468 2051 1549 2114 as-

168 2132 480 2216 signarent.
549 2136 812 2195 riumviri
833 2133 971 2194 inde
992 2135 1167 2194 creati
1188 2135 1262 2194 ad
1285 2133 1546 2217 supplen-

169 2215 314 2275 dum
323 2215 630 2276 Venusinis
655 2216 1005 2276 colonorum
1026 2236 1330 2276 numerum
1342 2261 1363 2292 ,
1379 2215 1542 2298 qued

169 2295 332 2356 bello
366 2295 666 2359 Annibalis
697 2313 998 2356 attenuatae
1035 2299 1189 2356 vires
1232 2294 1353 2374 ejus
1385 2298 1545 2358 colo-

171 2377 289 2436 niae
324 2395 481 2436 erant
503 2422 526 2451 ,
553 2375 628 2438 C.
655 2375 966 2438 Terentius
999 2376 1229 2450 Varro,
1251 2375 1329 2438 T.
1352 2375 1544 2458 Quin-

175 2459 293 2518 tius
322 2455 673 2518 Flamininus
690 2498 711 2531 ,
738 2457 801 2518 P.
831 2455 1139 2536 Cornelius
1174 2454 1287 2517 Cn.
1326 2457 1391 2519 F.
1427 2457 1543 2520 Sci-

223 2540 326 2598 io:
363 2537 420 2598 hi
465 2538 710 2599 colonos
751 2535 1067 2598 Venusiam
1114 2535 1545 2620 adscripserunt.

178 2561 404 2680 {odem
439 2640 595 2680 anno
626 2615 701 2680 C.
737 2615 1044 2682 Cornelius
1082 2615 1376 2702 Cethegus
1398 2665 1418 2694 ,
1443 2623 1545 2702 qui

226 2697 484 2760 roconsul
522 2699 857 2780 Hispaniam
892 2699 1189 2767 obtinebat
1206 2743 1227 2773 ,
1266 2721 1544 2782 magnum

183 2722 426 2846 bostium
459 2783 776 2846 exercitum
815 2782 878 2874 in
911 2800 1067 2866 ,agro
1122 2777 1413 2846 Sedetano
1455 2780 1551 2860 sug·
