2004 3691
413 228 784 297 LIBER
882 228 1269 297 XXXV.
1392 223 1558 321 287.

138 340 282 431 gnis
321 340 680 409 sermonibus
717 342 1148 405 celebrabantur
1178 366 1197 419 ;
1235 345 1300 407 &
1338 358 1748 405 tenta-2222

135 441 319 485 verat
345 468 364 496 ‚
391 426 667 507 quoniam
699 424 921 485 bellum
949 430 1151 509 ingens
1185 430 1244 485 in
1286 428 1530 508 provin·
1547 426 1745 519 {fg-{50-

142 507 245 565 cia
290 500 610 577 exarfiss'et,
647 505 712 567 &
746 508 977 591 exiguas
1016 507 1279 589 reliquias
1312 509 1531 567 exerci-
1642 504 1654 518 ⁶
1679 489 1746 529 ⁹³⁶

138 588 243 647 tfis
276 586 348 645 ab
385 585 524 648 Sex.
559 584 787 671 Digitio
811 631 830 661 ‚
871 604 1043 669 atque
1083 609 1182 648 eas
1218 586 1365 669 ipsas
1408 586 1531 670 ple-

143 687 257 727 nas
289 670 521 749 pavoris
558 690 621 729 ac
656 668 805 751 fugae
826 714 845 744 ,
879 686 1211 751 accepturus
1250 666 1387 729 effet
1408 712 1428 741 ,
1464 684 1528 729 ut

143 770 334 814 unam
373 747 479 808 fibi
517 769 588 808 ex
623 750 852 810 urbanis
888 749 1214 831 legionibus
1257 750 1535 811 decerne-

146 848 290 890 rent
323 852 344 905 ;
383 828 456 891 ad
493 851 669 913 quam
709 851 888 913 quum
923 831 1170 892 militem
1207 832 1279 891 ab
1313 830 1371 891 se
1404 828 1531 911 ipso

147 908 433 993 scriptum
467 932 538 971 ex
561 910 1041 973 senatusconsulto
1077 910 1405 991 adjecisset,
1429 912 1533 971 eli-

151 1009 324 1075 geret
359 1013 430 1053 ex
458 995 620 1052 omni
654 1012 897 1053 numero
935 991 1031 1053 sex
1058 992 1235 1053 millia
1263 995 1327 1055 &
1357 995 1527 1075 quin-

195 1090 364 1133 entos
398 1074 661 1155 pediteS,
699 1075 764 1135 &
808 1074 1030 1155 equites
1074 1091 1405 1135 trecentos„
1436 1074 1542 1133 EA·

136 1092 208 1234 J}
230 1156 440 1235 legione
463 1153 635 1236 (nam
656 1157 714 1215 in
732 1158 862 1214 Sex.
889 1157 1101 1237 Digitii
1119 1158 1354 1215 exercitu
1379 1156 1535 1214 haud

151 1238 388 1295 multum
396 1234 515 1316 spei
543 1234 682 1317 ff)
709 1259 811 1295 rem
828 1239 1103 1317 gesturum.
1138 1236 1407 1296 Seniores
1429 1254 1541 1318 ne·-x

153 1336 330 1399 gare,
365 1318 468 1377 Ad
495 1339 757 1389 rumores,
785 1342 824 1375 a
846 1320 1087 1397 privatis
1120 1335 1301 1377 temere
1331 1318 1388 1377 in
1450 1339 1539 1387 ra·-

151 1400 296 1457 tiam
322 1400 718 1480 magistratuum
753 1400 1001 1477 coizfiblos
1017 1444 1040 1471 ,
1060 1396 1379 1477 finatufton
1406 1400 1527 1457 ulta

134 1476 418 1559 finienda
450 1476 550 1558 ‘ff‘
587 1501 604 1537 .·
632 1478 740 1557 nisi
769 1482 916 1559 quod
937 1498 1038 1546 aut
1058 1497 1305 1559 praetores
1328 1502 1395 1539 ex
1409 1501 1527 1559 pro-

154 1560 366 1620 vinciis
389 1558 676 1639 seriberent
693 1604 714 1631 ,
764 1578 862 1620 aut
913 1561 1083 1641 legati
1124 1562 1481 1621 renuntiarent
1502 1604 1526 1633 ,

154 1642 311 1701 nihil
323 1658 499 1701 ratum
531 1642 716 1700 haberi
731 1642 926 1701 debere.
953 1644 1021 1700 Si
1041 1643 1301 1701 tumultus
1316 1642 1375 1698 in
1393 1638 1531 1716 Hist-

146 1724 337 1805 pania
363 1720 487 1801 fft
500 1724 744 1802 ,placere
765 1767 786 1793 ,
807 1723 1191 1783 tumultuarios
1210 1723 1408 1781 milites
1435 1742 1531 1778 ex-
1622 1785 1639 1799 ο

156 1822 248 1864 tra
289 1804 518 1864 Italiam
540 1802 708 1883 scribi
743 1827 780 1863 a
791 1820 1030 1884 praetore.
1068 1800 1240 1862 Mens
1279 1821 1347 1862 ea
1373 1798 1532 1860 sena-

159 1886 258 1946 tfis
297 1883 402 1946 fuit
421 1931 442 1959 ‚
475 1903 536 1944 ut
555 1886 612 1944 in
645 1877 914 1965 Hispania
943 1883 1289 1944 tumultuarii
1320 1881 1531 1941 milites

158 1967 508 2050 legerentur.
543 1963 810 2024 Valerius
843 1965 1047 2024 Antias
1092 1964 1243 2025 &in
1280 1962 1531 2024 Siciliam

157 2043 452 2128 navigasse
483 2044 733 2106 delefflis
757 2045 924 2106 causa
945 2043 1018 2107 C.
1046 2043 1388 2104 Flaminium
1410 2042 1539 2104 scri-

157 2129 255 2189 bit
291 2148 312 2201 ;
347 2127 411 2189 &
455 2147 528 2189 ex
579 2125 768 2186 Sicilia
815 2125 1147 2207 Hispaniam
1190 2143 1484 2206 petentem
1512 2165 1543 2201 ,

161 2205 509 2288 tempestate
545 2208 603 2265 in
629 2205 890 2266 Africam
919 2206 1171 2266 delatum
1192 2252 1211 2280 ,
1236 2227 1415 2287 vagos
1438 2207 1540 2264 mi·

162 2291 304 2350 lit'es
355 2287 428 2348 de
481 2289 738 2348 exercitu
785 2286 854 2348 P.'
880 2285 1139 2348 Africani
1188 2285 1541 2348 sacramento

163 2367 390 2454 rogass'e
415 2362 438 2429 :²
467 2369 556 2428 his
579 2368 818 2428 duarum
857 2369 1286 2449 provinciarum
1318 2363 1543 2442 deleffif

164 2451 282 2543 ΒΨ
315 2453 552 2511 tertium
581 2451 642 2508 in
687 2447 959 2530 Hispania
995 2445 1277 2528 adjecisse.
1508 2457 1520 2464 “
1540 2503 1553 2512 ,

260 2529 366 2592 III.
402 2529 532 2591 Nec
564 2531 623 2590 in
660 2528 821 2608 Italia
858 2528 1082 2611 segniiis
1103 2528 1390 2609 Ligurum
1418 2525 1543 2586 bel·
1593 2546 1669 2608 Rp·
1690 2547 1761 2587 ιε.

167 2615 299 2674 lum
329 2611 632 2672 crescebat.
678 2609 825 2670 Pisas
859 2609 976 2689 jam
1012 2609 1379 2691 quadraginta
1415 2607 1543 2668 mil·
1558 2609 1691 2648 ³⁸²⁸·

170 2696 256 2755 lia
285 2694 630 2766 hominum,
667 2687 935 2752 affluente
981 2689 1243 2773 quotidie
1286 2689 1549 2748 multitu-

174 2776 318 2835 dine
355 2771 427 2833 ad
449 2771 659 2832 famam
693 2771 834 2832 belli
857 2771 1133 2854 spemque
1166 2769 1374 2852 praedae
1392 2812 1412 2843 ‚
1436 2771 1549 2829 cir-

172 2849 606 2920 cumfedebant.
663 2850 954 2918 Minucius
1007 2849 1205 2915 consul
1250 2851 1549 2944 Arretimq
