2004 3691
455 239 594 307 240
843 219 920 290 T.
1016 170 1433 292 LIV-11

233 355 426 380 ···-·-
449 337 549 417 qui
585 333 659 394 ad
698 333 759 396 id
782 379 802 409 ,
835 335 993 420 quod
1036 334 1290 398 futurum
1334 347 1493 410 erat,
1524 351 1599 396 ne
1632 333 1827 433 imp}-

226 413 425 516 §fg-{335
448 433 646 476 natum
687 417 973 477 accideret
997 459 1017 491 ,
1050 419 1379 499 praeparatis
1424 415 1659 478 suorum
1704 437 1823 478 ani-

446 499 557 558 mis
574 542 594 570 ‚
621 494 776 579 signa
817 499 1111 579 extemplo
1156 499 1445 560 convertit
1459 541 1481 570 ‚
1508 514 1819 580 totumque

443 578 506 636 in
531 576 754 638 hostem
779 597 986 660 agmen
1014 581 1368 660 circumegit.
1394 578 1601 660 Itaque
1617 624 1636 652 ,
1652 581 1815 640 velut

441 655 607 718 reae
639 661 792 719 acies
827 656 1268 732 concurrissent,
1293 657 1509 740 justum
1540 659 1817 738 aliquam·

441 739 544 799 diu
576 737 845 820 proelium
877 737 998 800 fuit.
1026 737 1293 799 Tandem
1320 737 1565 804 Nabidis
1600 739 1813 800 milites

437 820 498 880 in
535 816 728 901 fugam
763 819 1149 892 inclinarunt3
1182 840 1311 902 quae
1349 821 1539 879 miniis'
1580 821 1813 900 trepida

439 897 653 972 fuiffet,
677 902 738 959 ni
766 897 970 960 Achaei
1010 901 1271 961 locorum
1306 900 1623 980 prudentes
1658 899 1816 960 insti·

439 977 624 1040 tissent
651 1001 667 1041 ε
704 981 763 1040 hi
795 982 860 1042 &
884 980 1103 1040 caedem
1140 983 1431 1084 ingentem
1468 979 1814 1052 ediderunt,

439 1062 508 1122 &
545 1057 822 1142 dispersos
863 1058 1063 1142 paffim
1106 1059 1241 1142 fuga
1284 1057 1486 1141 pleros
1555 1081 1587 1120 e
1613 1063 1815 1121 armis

439 1138 758 1202 exfuerunt.
787 1139 1063 1220 Quintius
1090 1161 1277 1224 prope
1301 1140 1421 1202 Am
1470 1082 1584 1200 guas
1613 1139 1815 1222 posuit

435 1219 616 1280 castra
650 1244 666 1282 ε
711 1222 847 1282 inde
865 1263 885 1294 ,
917 1241 1095 1304 quum
1143 1239 1405 1303 perpopu
1432 1234 1555 1280 atus
1606 1224 1814 1282 omnia

435 1300 794 1382 circumjeffa
831 1302 960 1362 urbi
996 1301 1309 1384 frequentis
1340 1304 1405 1362 &
1432 1304 1649 1362 amoeni
1685 1305 1813 1384 agri

435 1379 568 1440 loca
604 1380 780 1456 effer,
811 1381 970 1442 nullo
1004 1380 1121 1462 jam
1158 1381 1404 1443 hostium
1438 1399 1671 1464 portam
1706 1403 1812 1442 ex·

433 1461 711 1533 cedente,
733 1464 924 1524 movit
949 1461 1127 1524 castra
1150 1463 1222 1522 ad
1250 1463 1461 1522 fliimen
1483 1461 1806 1526 Eurotamt

433 1541 570 1602 inde
610 1543 824 1604 vallem
856 1541 1130 1624 Taygeto
1171 1540 1475 1622 subjestam
1519 1543 1811 1624 agrosque

432 1623 508 1682 ad
543 1643 696 1686 mare
735 1625 1083 1706 pertinentes
1127 1621 1359 1683 evastat.

225 1730 440 1780 cyemm·
515 1703 739 1766 XXIX.
780 1703 1007 1764 Eodem
1048 1701 1175 1764 fere
1219 1719 1483 1784 tempore
1520 1703 1589 1764 L.
1614 1701 1809 1782 Quin·

210 1791 408 1868 ἵζ’-ἓξὲξ
433 1784 544 1844 tius
581 1787 876 1844 maritimae
915 1804 1033 1844 01·ae
1072 1784 1321 1866 oppida,
1351 1785 1557 1865 partim
1592 1784 1811 1844 volun·

432 1883 582 1940 tate,
608 1868 809 1947 partim
842 1882 1037 1939 metu,
1060 1883 1157 1925 aut
1188 1868 1252 1925 vi
1284 1867 1501 1945 recepit
1527 1886 1544 1924 ε
1580 1868 1803 1926 certior

431 1946 640 2007 deinde
667 1944 874 2017 fastus,
893 1944 1185 2026 Gythium
1216 1945 1499 2027 oppidum
1533 1948 1803 2007 omnium

423 2028 838 2087 maritimarum
859 2046 1053 2085 rerum
1070 2025 1521 2086 Lacedaemoniis
1541 2043 1804 2109 recepta-

425 2108 618 2167 culum
639 2104 888 2179 effe,nec
907 2106 1107 2186 procul
1126 2128 1160 2165 a
1176 2109 1317 2167 mari
1340 2104 1515 2166 castra
1527 2106 1803 2167 Romana

425 2185 640 2258 abeffe,
653 2186 918 2246 omnibus
941 2187 1001 2246 id
1021 2206 1093 2247 co
1106 2186 1119 2191 ”
1135 2189 1205 2247 iis
1226 2207 1259 2245 a
1335 2187 1459 2247 redi
1480 2185 1801 2249 constituit.

424 2266 560 2328 Erat
599 2286 672 2327 eo
711 2284 974 2349 tempore
1005 2208 1205 2327 =vafi'da
1238 2288 1307 2327 ur
1348 2288 1411 2341 S,
1442 2267 1507 2327 δι
1538 2266 1802 2327 'multitu-

423 2349 556 2407 dine
594 2349 806 2407 civium
839 2346 1363 2429 incolarumque&
1386 2346 1547 2407 omiti
1577 2347 1799 2409 bellico

421 2446 694 2509 apparatu
735 2426 1013 2488 instrueta.
1066 2426 1134 2487 In
1177 2444 1445 2509 tempore
1489 2424 1750 2504 Quintio
1776 2472 1799 2502 ,

421 2528 548 2567 rem
580 2508 731 2566 haud
764 2507 992 2568 facilem
1026 2508 1412 2590 aggredienti,
1439 2525 1541 2567 rex
1572 2506 1799 2569 Eume-

418 2608 522 2647 nes
566 2588 630 2648 &
659 2586 840 2647 claffis
879 2588 1243 2649 Rhodiorum
1284 2586 1747 2668 supervenerunt
1774 2610 1799 2649 .·

419 2669 618 2748 ingens
669 2669 978 2729 multitudo
1033 2668 1321 2727 navalium
1368 2666 1667 2728 sociorum
1692 2714 1713 2743 ,
1758 2690 1795 2731 e

321 2804 332 2813 ,
419 2748 600 2808 tribus
625 2747 911 2809 conturbia
937 2746 1224 2820 clastibus,
1245 2750 1389 2807 intra
1414 2768 1635 2827 paucos
1664 2750 1797 2809 dies

313 2870 316 2873 -
406 2830 648 2906 -omnia5
671 2849 798 2911 quae
825 2828 902 2893 ad
926 2830 1417 2913 oppugnationem
1447 2827 1609 2889 urbis
1637 2832 1799 2924 terra

584 2942 590 2949 ·
1524 2928 1796 2993 marique
