2004 3691
534 260 740 331 LIB
773 279 924 337 En,
998 262 1385 339 XXXV.
1504 272 1645 363 301·

247 396 355 438 res
385 373 590 457 eosdem
611 376 885 460 praebmffe
912 398 928 439 ι
961 376 1180 440 'deinde
1212 396 1445 463 quantas
1470 366 1645 476 pedi-
1661 377 1859 423 ΞΕ*

247 474 408 519 tum
431 478 462 518 e
543 460 688 519 itum
771 479 806 519 e
827 460 1025 540 copias
1044 455 1332 542 p'raebituri
1347 460 1644 523 Antiocho
1654 446 1863 547 23:332

255 537 352 597 ad
399 539 470 613 be
515 560 614 600 um
739 554 838 601 ent
875 558 896 614 3
940 560 1071 623 quae
1116 540 1247 601 loca
1288 540 1647 605 terrestribus
1700 558 1725 563 ·“

259 620 468 698 copiis
495 664 515 693 ‚
553 642 700 703 quos
751 624 958 701 portus
1000 623 1318 682 maritimis-
1362 620 1523 683 Tum
1566 623 1645 685 de

259 696 550 780 Philippo
583 703 650 763 &
675 699 906 761 Nabide
943 702 1127 763 libero
1164 701 1469 763 mendacio
1504 703 1647 764 abu-

261 778 504 839 tebatur
529 803 545 841 ε
573 782 839 841 Paratum
873 798 1149 863 utrumque
1178 786 1258 843 ad
1282 784 1646 845 rebellandum

265 855 382 935 effi
405 882 432 932 ,·
468 860 523 920 6·
550 862 782 942 primam
823 884 1089 943 quamque
1132 866 1453 943 occasionem
1494 878 1649 925 recu·

314 942 504 999 eraudi
535 964 602 1001 ea
613 984 636 1014 ,
665 963 782 1022 quae
813 942 952 1003 bello
987 942 1303 1023 amififfene,
1330 942 1647 1026 arrepturus.

306 1036 368 1079 ta
392 1040 496 1101 per
517 1037 708 1083 totum
731 1021 894 1083 fimul
915 1021 1145 1085 Orbem
1171 1040 1446 1085 terrarum
1459 1024 1646 1085 AEtoli

264 1097 556 1161 Romanis
585 1102 948 1165 concitabant
975 1103 1229 1165 bellumz
1256 1120 1419 1188 reges
1450 1121 1647 1165 tamen

263 1196 380 1241 aut
417 1202 536 1241 non
571 1186 716 1243 moti
736 1228 756 1258 ,
787 1200 885 1243 aut
919 1185 1129 1245 tardius
1166 1188 1311 1245 moti
1347 1184 1493 1247 sunt.
1556 1238 1580 1265 ,

359 1256 522 1323 XIII.
543 1262 728 1323 Nabis
751 1265 1049 1345 extemplo
1078 1266 1227 1326 circa
1251 1286 1455 1327 omnes
1476 1266 1645 1327 vicos
1708 1299 1836 1340 mn,

269 1344 596 1404 maritimos
656 1342 864 1405 dimisit
888 1387 928 1416 ‚.
955 1345 1028 1405 ad
1091 1345 1401 1408 seditiones
1456 1347 1519 1407 iri
1571 1348 1645 1409 iis
1659 1351 1798 1410 ΜΨ·

274 1422 602 1484 miscendas
635 1446 656 1499 3
697 1426 764 1487 δι
802 1425 947 1485 alios
991 1428 1315 1508 principum
1362 1427 1531 1489 donis
1572 1428 1649 1489 ad
1661 1400 1837 1485 ''wlff'‘

267 1501 438 1564 suam
482 1502 704 1565 causam
745 1506 1013 1585 perduxit
1038 1550 1057 1579 ,
1098 1508 1241 1567 alios
1284 1510 1647 1589 pertinaciter

269 1584 342 1643 in
409 1583 675 1647 societate
729 1586 992 1648 Romana
1052 1604 1351 1648 manentes
1412 1589 1645 1651 occidit.

275 1663 516 1725 Achaeis
569 1668 832 1733 omnium
885 1668 1303 1727 maritimorum
1350 1666 1649 1731 Laconum

272 1746 626 1807 tuendorum
685 1769 722 1807 a
758 1745 836 1806 T.
879 1744 1133 1826 Quintio
1194 1768 1327 1807 cura
1382 1747 1651 1814 mandata

271 1842 446 1889 erat:
485 1829 682 1910 itaque
746 1826 1043 1908 extemplo
1100 1827 1165 1890 δι
1213 1827 1286 1888 ad
1340 1842 1651 1908 tyrannum

271 1907 502 1990 legatos
549 1907 858 1983 miserunt,
887 1911 986 1990 qui
1034 1908 1413 1970 admonerent
1456 1907 1653 1969 foede-

273 1989 357 2048 ris
414 2009 550 2048 eum
607 1988 854 2050 Romani
888 2033 908 2063 ‚
961 1988 1469 2070 denuntiarentque
1503 2033 1523 2063 ,
1576 2008 1653 2049 ne

279 2089 490 2151 pacem
513 2112 533 2141 ‚
576 2089 750 2150 quam
800 2085 960 2141 tanto
1004 2089 1101 2128 ere
1152 2067 1374 2151 petisset
1400 2113 1419 2142 ‚
1462 2067 1657 2130 turba-

279 2167 427 2224 ret3
473 2150 538 2210 &
583 2149 788 2220 auxilia
839 2149 912 2210 ad
960 2091 1247 2230 (PJythium
1270 2193 1295 2222 ,
1329 2147 1657 2230 quod-jam

279 2230 724 2314 oppugnabatur
757 2251 790 2288 a
819 2246 1068 2309 tyranno
1090 2273 1107 2303 ,
1136 2231 1201 2290 δε
1232 2229 1486 2290 Romam
1505 2273 1535 2303 ,,
1554 2231 1655 2310 qui

284 2331 362 2371 ea.
411 2311 736 2370 nuntiarent
764 2353 784 2383 ‚
834 2311 1050 2392 legatos
1104 2307 1398 2368 miserunt.
1446 2307 1657 2368 Antio-

287 2392 434 2451 chus
475 2409 579 2449 rex
603 2434 623 2464 ,
661 2389 732 2451 ea
771 2390 964 2450 hieme
1006 2388 1245 2468 Raphiae
1287 2389 1347 2450 in
1384 2387 1657 2448 Phoenice

284 2469 612 2532 Ptolemaeo
655 2471 776 2552 regi
811 2471 972 2552 AEgy
1015 2472 1057 2528 ti
1100 2465 1219 2526 filia
1262 2470 1321 2526 in
1361 2470 1659 2528 matrimo-

280 2553 446 2613 nium
497 2551 636 2611 data
661 2597 685 2623 ,
731 2571 910 2631 quum
959 2491 1333 2610 Xntiochiam
1391 2547 1448 2608 se
1503 2569 1663 2609 rece-

284 2629 490 2716 piss’et‚
511 2649 616 2712 per
648 2628 1405 2702 Ciliciam,Tauro-monte
1439 2628 1666 2709 supera-

287 2731 359 2774 to
379 2756 399 2786 ‚
428 2729 692 2772 extremo
734 2709 850 2788 jam
890 2711 1097 2770 hiemis
1132 2707 1425 2790 Ephesum
1456 2729 1665 2789 perve-

284 2795 378 2854 nit
407 2815 422 2851 ε
457 2791 594 2852 inde
640 2792 924 2872 principio
971 2792 1125 2853 veris
1147 2835 1166 2864 ,
1198 2788 1493 2849 Antiocho
1540 2787 1667 2850 filio

291 2869 462 2942 miffo
501 2873 562 2936 in
591 2868 824 2955 Syriam
863 2870 940 2958 {kd
979 2869 1295 2968 cuiiodiam
1337 2869 1669 2934 ultimarum
