2004 3691
426 290 797 366 'lanza
896 289 1320 363 XXXII.
1469 311 1564 388 97

183 407 297 470 ‘ubi
320 405 602 492 Carystus
622 449 645 484 ,
676 406 957 505 praefidio·
976 430 1011 469 a
1043 407 1322 504 Chalcide
1345 412 1567 492 ‘raptim
1583 424 1780 480 ἐξ

188 489 361 552 mlffo
382 536 403 567 ‚
436 491 603 552 firma
632 490 754 552 visa
790 489 909 564 est,
944 491 1019 550 ad
1055 489 1335 550 Eretriam
1377 487 1570 552 acces-
1584 499 1784 550 (Le-su·

186 571 405 632 seru-nt.
455 570 690 632 Eodem
740 573 806 635 &
849 572 915 634 L.
954 570 1273 651 Quintius,
1321 592 1454 631 cum
1495 573 1566 632 iis

188 653 441 713 navibus
472 674 602 736 quae
647 651 847 713 Piraeei
898 651 1120 712 fueram
1140 696 1161 725 ,
1192 652 1380 713 Attali
1415 654 1568 735 regis

188 734 455 794 adventu
488 734 687 793 audito
706 775 727 806 ,
756 735 918 794 venit
936 777 955 807 ,
983 731 1136 812 jusfit
1179 755 1250 794 ue
1269 777 1286 804 ,
1311 750 1374 793 ut
1391 775 1412 807 ‚
1437 755 1570 815 quae

188 835 271 874 ex
299 812 396 876 sua
416 809 886 893 claffexveniffent
912 835 1092 874 naves
1111 857 1130 888 ‚
1203 814 1436 874 uboeam
1464 835 1570 897 pe-

1579 548 1676 591 ιο.
1691 549 1786 602 ⁸3⁸·

186 910 403 955 terent.
439 893 657 955 Eretria
708 892 928 956 summa
963 897 1028 954 vi
1070 895 1507 976 oppugnabatur
1542 918 1565 972 ;
1628 920 1787 962 εικῆ.

190 996 333 1036 nam
367 976 543 1036 trium
570 973 893 1057 junelarum
932 971 1182 1034 claffium
1214 996 1394 1036 naves
1433 993 1570 1036 om·
1587 983 1788 1058 2²5qu

188 1057 285 1116 nis
330 1057 557 1138 generis
587 1072 883 1117 tormenta
917 1052 1321 1138 machinasque
1357 1056 1431 1116 ad
1473 1078 1571 1116 ur-

188 1137 361 1198 bium
396 1136 622 1197 excidia
653 1135 847 1196 secum
922 1137 1186 1198 ortabant
1209 1181 1228 1210 ,
1252 1137 1317 1196 &
1351 1138 1471 1219 agri
1498 1137 1574 1198 afi-

188 1217 361 1278 fatim
392 1220 641 1278 materiae
676 1217 869 1298 praebe
912 1233 1008 1276 ant
1037 1217 1114 1276 ad
1150 1237 1306 1278 nova
1326 1219 1576 1280 molien-

193 1299 277 1360 da
307 1319 507 1379 opera.
553 1295 859 1379 Oppidani
887 1298 1078 1379 primo
1133 1296 1283 1358 haud
1327 1299 1574 1382 impigre

189 1378 503 1441 tuebantur
518 1380 771 1452 moenia3
792 1378 1001 1438 deinde
1024 1375 1146 1438 feffi
1167 1379 1454 1440 vulnerati
1533 1401 1572 1444 e

125 1457 129 1461 ’
192 1461 460 1542 aliquot,
501 1478 681 1540 quum
732 1461 797 1520 &
839 1462 989 1520 muri
1038 1475 1261 1540 partem
1314 1480 1454 1522 ever
1475 1483 1570 1526 am

192 1541 473 1623 operibus
510 1537 761 1601 hostium
816 1556 1117 1600 cernerent
1141 1585 1161 1614 ‚
1199 1541 1272 1600 ad
1319 1541 1570 1604 deditio·

192 1641 339 1682 nem
378 1619 716 1682 inclinarunt
738 1642 758 1681 ε
794 1619 895 1682 sed
924 1619 1250 1701 praefidium
1283 1640 1403 1682 erat
1439 1623 1571 1686 Ma-

192 1702 496 1765 cedonum
514 1746 537 1776 ‚
574 1720 722 1783 quos
752 1722 872 1762 non
900 1704 1084 1762 minus
1105 1747 1126 1776 ,
1235 1701 1328 1762 am
1359 1701 1573 1764 Roma-

193 1805 313 1844 nos
336 1828 355 1859 ,
375 1781 710 1844 metuebant
740 1784 851 1856 3&
883 1723 1398 1865 Philocleffiegius
1469 1805 1572 1847 1·ae-

190 1864 381 1928 feClus
422 1886 455 1925 a
490 1862 769 1925 Chalcide
804 1865 1040 1925 nuntios
1077 1864 1339 1924 mittebat
1359 1908 1380 1939 ,
1415 1806 1466 1923 F

193 1964 473 2027 tempore
504 1943 809 2005 affuturum
826 1988 849 2019 ,
880 1943 925 2003 fi
962 1942 1298 2005 sustinerent
1325 1944 1575 2008 obfidio-

190 2046 363 2089 nem.
395 2025 538 2086 Haec
568 2028 745 2086 mixta
778 2041 938 2086 metu
976 2024 1104 2107 spes
1123 2066 1144 2100 ‚
1176 2024 1360 2101 ultra,
1393 2026 1570 2109 quam

192 2108 427 2171 vellent
445 2149 463 2178 ‚
482 2122 577 2167 aut
596 2105 773 2188 quam
789 2102 1043 2188 possent,
1063 2106 1287 2167 trahere
1311 2128 1414 2167 eos
1436 2125 1575 2171 tem-

192 2208 318 2271 pus
350 2186 593 2268 cogebat
613 2207 629 2246 2
658 2186 869 2247 deinde
886 2232 907 2261 ,
926 2186 1230 2269 postquam
1250 2186 1574 2250 Philoclem

190 2266 495 2350 repulsum
514 2309 537 2340 ‚
560 2266 1056 2349 trepidantemque
1107 2266 1366 2350 refugisse
1397 2266 1576 2329 Chal-

190 2349 407 2410 cidem
433 2364 775 2429 acceperunt
794 2393 815 2422 ‚
848 2365 1106 2409 oratores
1155 2349 1450 2430 extemplo
1499 2348 1576 2411 ad

120 2466 125 2469 -
192 2428 475 2500 Attalum
492 2474 513 2502 ,
541 2431 776 2488 veniam
810 2426 1103 2510 fidemque
1127 2425 1248 2507 ejus
1277 2447 1575 2510 petentes,

188 2508 501 2572 miserunt.
543 2505 707 2568 Dum
749 2510 809 2568 in
848 2508 1008 2591 spem
1046 2512 1206 2590 pacis
1244 2510 1448 2570 intenti
1491 2510 1577 2571 se-

189 2591 375 2675 gnius
423 2609 658 2649 munera
702 2589 837 2649 belli
885 2589 1106 2649 obeunt
1125 2634 1146 2665 ,
1182 2591 1248 2653 8(
1279 2589 1347 2651 ea
1387 2592 1578 2654 modo·

191 2686 409 2755 parte,
439 2669 551 2750 qua
578 2690 773 2729 murus
805 2669 1022 2729 dirutus
1051 2687 1170 2730 erat
1189 2714 1211 2744 ,
1243 2674 1447 2732 ceteris
1477 2694 1574 2733 ne-

1439 1868 1572 1927 ein

192 2748 410 2837 glefilis
426 2794 447 2822 ,
466 2747 731 2809 stationes
750 2766 989 2809 armatas
1007 2769 1344 2845 opponunt,
1373 2750 1568 2831 Quin·
1583 2774 1766 2832 σφω

193 2838 317 2893 tius
342 2874 362 2904 ‚
396 2828 571 2890 ηοᾶὶιι
589 2829 661 2888 ab
694 2849 763 2890 ea
785 2847 945 2911 parte
968 2875 989 2902 ,
1061 2852 1148 2890 uae
1187 2834 1423 2891 minune
1452 2832 1568 2894 sus-

194 2905 370 2997 peaa
400 2925 558 2983 erat,
584 2910 805 2994 impetu
832 2908 1018 2987 fac'to,
1067 2911 1202 2975 calis
1234 2912 1440 2973 urbem
1472 2934 1568 2993 ceg

283 2993 338 3055 T
332 3012 487 3053 omus
535 2993 607 3055 V.
1280 2990 1332 3054 E
