2004 3691
551 228 690 301 286
942 232 1545 303 Ίῖ-ιινιι

319 378 508 410 =·.-..-.·.-...—
545 366 612 409 tu
646 351 927 431 pugnavit
951 394 972 422 ,
1009 370 1252 411 numero
1300 350 1553 410 militum
1594 350 1826 431 impar,
1850 344 1911 409 sui

313 431 513 524 ιυὲ-ξςφ-
548 432 742 511 perior
777 431 902 490 aliis
933 452 952 505 ;
980 451 1114 491 nam
1156 431 1221 492 &
1254 433 1377 493 acie
1407 428 1704 513 frequenti
1750 451 1903 491 arma-

341 507 356 522 ‘
413 496 514 537 '⁹³'
539 512 614 571 tis
648 510 926 572 adversus
962 512 1203 595 longum
1241 513 1309 575 &
1359 513 1715 594 impeditum
1763 511 1901 571 turba

539 612 820 674 pecorum
851 615 882 651 a
925 612 1061 652 men
1081 636 1101 667 ,
1135 594 1200 655 &
1233 596 1453 654 recenti
1494 594 1679 653 milite
1714 592 1897 652 adver·

540 675 635 733 siis
671 670 843 733 fess‘os
898 693 1057 769 ongo
1087 674 1289 737 itinere
1329 691 1720 736 concurrerat.
1763 670 1895 732 Ter-

536 752 618 813 tia
657 773 907 836 namque
940 754 1142 837 vigilia
1193 757 1447 817 exierant
1489 754 1685 816 hostes
1720 774 1741 814 τ
1780 752 1893 813 huic

536 831 816 894 ποθ-ωηο
859 838 1048 897 itineri
1086 852 1201 896 tres
1231 837 1447 897 diurnae
1478 836 1639 896 horae
1667 832 1891 896 access'e-

536 931 666 974 rant
697 936 719 989 ;
749 936 860 976 nec
898 916 1017 976 ulla
1054 919 1247 999 quiete
1286 918 1455 992 data,
1498 917 1759 978 laborem
1796 917 1889 976 viae

536 996 809 1078 proeliurn
831 1014 1155 1079 exceperat.
1174 996 1373 1081 Itaque
1395 1000 1678 1081 principio
1700 1017 1886 1137 pugnat

539 1079 758 1159 vigoris
817 1078 1033 1159 aliquid
1088 1080 1149 1138 in
1195 1080 1539 1161 corporibus
1598 1079 1771 1139 animi
1794 1096 1888 1159 que

537 1156 681 1233 fuit3
703 1160 771 1221 &
789 1158 1156 1222 turbaverant
1181 1162 1371 1242 primo
1392 1159 1692 1221 Romanos
1714 1159 1885 1220 :dein-

539 1237 616 1298 de
649 1256 870 1321 aequata
937 1238 1183 1323 aulisper
1205 1260 1398 1325 pugna
1418 1240 1520 1304 est.
1554 1242 1625 1303 In
1642 1241 1755 1301 hoc
1785 1237 1879 1299 dis-

537 1320 778 1379 crimine
822 1320 879 1379 lu
922 1342 990 1381 os
1028 1318 1162 1382 Jovi
1188 1365 1207 1394 ‚
1237 1318 1281 1381 fi
1318 1320 1545 1384 fudiffet
1580 1318 1878 1382 cecidiffet-

618 1419 651 1462 e
679 1397 906 1475 hostes,
935 1418 1259 1484 propraetor
1278 1405 1468 1464 vovit.
1490 1402 1753 1463 Tandem
1808 1422 1877 1459 ra·

536 1420 678 1541 diim
703 1483 887 1543 acrius
909 1482 1153 1545 intulere
1184 1482 1476 1559 Romani,
1500 1421 1876 1565 ceffitqueffiu·

535 1558 747 1623 suanus
777 1585 791 1622 :
827 1562 1041 1624 deinde
1094 1562 1321 1644 prorsus
1362 1580 1525 1648 terga
1566 1565 1719 1625 dedit
1758 1584 1777 1636 3
1816 1562 1872 1622 &

576 1664 716 1703 uum
748 1640 1063 1705 institissent
1101 1642 1450 1727 fugientibus
1496 1644 1770 1717 vistoreS,
1806 1641 1866 1701 ad

533 1664 852 1785 duodecim
882 1725 1064 1784 millia
1100 1724 1349 1786 hostium
1374 1724 1499 1787 sunt
1539 1724 1704 1787 caesa:
1730 1723 1862 1804 capti
1936 1742 1938 1822 ⁴

531 1806 826 1890 quingenti
863 1806 1075 1888 quadra
1116 1806 1229 1868 'nta
1248 1853 1273 1882 ,
1316 1828 1524 1869 omnes
1563 1805 1677 1869 fere
1720 1805 1864 1888 equi·

531 1904 620 1946 tes
663 1911 678 1948 ε
710 1889 774 1952 ὅ(
811 1885 966 1970 figna
1012 1891 1093 1948 mi
1116 1889 1274 1948 itaria
1307 1906 1472 1972 capta
1510 1906 1730 1950 centum
1772 1886 1862 1946 tri-
1935 1911 1936 1977 ᾖ

533 1969 973 2050 ginta'quatuor
1006 1991 1023 2030 ε
1063 1969 1137 2029 de
1167 1971 1419 2030 exercitu
1465 1969 1720 2032 Romano
1752 1965 1861 2046 sep-

526 2052 778 2131 tuaginta
803 2051 999 2111 &tres
1022 2047 1215 2110 amiffi.
1239 2049 1319 2111 Pu
1362 2067 1559 2111 natum
1588 2047 1725 2111 haud
1741 2067 1858 2129 pro·
1933 2121 1934 2129 ἵ

529 2131 624 2189 cul
654 2129 799 2211 Ilipa
829 2129 970 2190 urbe
1005 2128 1105 2191 est.
1129 2127 1217 2208 Εὸ
1240 2133 1303 2189 vi
1360 2153 1526 2192 orem
1552 2131 1852 2212 opulentum

527 2210 740 2292 praedae
769 2212 1083 2272 exercitum
1109 2209 1171 2272 P.
1201 2207 1514 2292 Cornelius
1531 2211 1770 2272 reduxit:
1791 2227 1849 2265 ea

529 2293 717 2351 o'mnis
744 2308 873 2352 ante
911 2291 1117 2351 urbem
1147 2290 1405 2376 exposita
1444 2291 1528 2354 est
1557 2316 1577 2368 ;
1650 2285 1847 2351 orestas-

509 2392 640 2454 ·que
673 2371 923 2434 dominis
961 2371 1085 2432 suas
1118 2393 1210 2434 res
1262 2373 1583 2457 cognoscen
1624 2375 1643 2432 i
1676 2369 1795 2431 fabia
1823 2387 1842 2440 ;

522 2467 714 2512 cetera
731 2452 1038 2516 vendenda
1058 2451 1326 2535 quaestori
1357 2455 1490 2516 data
1515 2475 1529 2515 ε
1559 2451 1707 2538 quod
1728 2448 1838 2510 inde
1926 2513 1928 2518 .

519 2531 798 2592 refecium
830 2533 946 2608 est,
977 2533 1141 2594 militi
1176 2534 1441 2598 divisum.

556 2627 566 2635 ’
601 2609 676 2673 ΙΙ.
723 2611 1007 2674 Nondum
1054 2615 1128 2676 ab
1180 2615 1373 2676 Ror‘na
1419 2613 1695 2700 profedus
1740 2624 1835 2671 erat
1925 2683 1926 2690 ἵ

517 2687 591 2752 C.
611 2692 915 2755 Flaminius
942 2712 1154 2777 praetor
1178 2743 1197 2772 ‚
1235 2719 1414 2779 quum
1446 2699 1564 2758 haec
1586 2699 1641 2756 in
1667 2691 1837 2792 Hispa-

517 2773 612 2834 nia
635 2773 1008 2857 gerebantur:
1032 2778 1109 2838 ita
1154 2795 1361 2838 ueram
1400 2776 1831 2854 adversae,quam
1922 2821 1924 2834 2

515 2855 777 2918 secundae
813 2877 902 2918 res
925 2877 1031 2942 per
1058 2859 1115 2942 ip
1143 2879 1243 2921 um
1264 2859 1587 2944 amicosque
1607 2855 1713 2940 ejus
1732 2870 1833 2914 ma·

1060 2996 1073 3004 ι
