2004 3691
388 263 517 406 ο148
772 313 1358 383 Ίζὶινιι

157 465 353 499 ====
376 432 523 491 tium
554 426 816 490 aversum
864 428 1106 489 invadit.
1149 427 1389 488 Nullam
1439 424 1630 487 aciem
1673 422 1762 485 -ab

160 518 354 573 uam.
378 528 545 593 tergo
590 509 821 570 adortus
856 530 975 568 non
1014 506 1284 569 turbasset
1316 528 1336 581 ;
1376 524 1644 567 ceterum
1685 505 1762 565 ad

158 572 355 624 “C‘¹⁹⁷‘
380 610 751 652 communem
778 587 1042 650 omnium
1077 591 1138 648 in
1170 589 1270 648 tali
1300 609 1364 648 re
1411 605 1497 648 tre
1542 587 1762 650 idatio-

379 693 517 732 nem
546 667 805 744 accessit,
838 670 999 751 qubd
1033 668 1278 750 phalanx
1311 609 1715 728 Macegonum
1736 711 1758 743 ,

422 753 571 812 ravis
609 769 783 831 atque
824 749 1135 810 immobilis
1157 794 1177 823 ‚
1213 770 1320 810 nec
1357 747 1782 830 circumagere‘

378 773 439 894 se
474 847 736 913 poterat,
780 851 888 890 nec
928 830 1044 890 hoc
1066 875 1087 904 ,
1127 831 1226 910 qui
1267 851 1300 888 a
1339 827 1536 889 fronte
1581 827 1762 908 pauli>

380 913 513 973 ante
542 911 757 993 pedem
788 910 1104 972 referentes
1124 954 1144 984 ‚
1181 926 1316 969 tunc
1353 911 1509 970 ultro
1542 910 1762 969 territis

382 992 664 1056 instabant
680 1037 698 1066 ‚
725 991 1105 1074 patiebantur.
1127 989 1227 1050 Ad
1249 991 1392 1062 hoc,
1416 990 1554 1050 loco
1576 990 1758 1049 etiam

384 1073 796 1158 premebantur
818 1118 837 1148 ,
872 1074 1009 1154 quia
1044 1069 1243 1166 jugum
1260 1114 1280 1143 ‚
1305 1091 1376 1130 ex
1397 1091 1518 1153 quo
1543 1090 1764 1152 pugna·

384 1170 591 1215 verant
612 1197 632 1227 ,
666 1153 804 1212 dum
824 1173 929 1234 per
953 1152 1215 1233 proclive
1237 1149 1766 1232 pulsos'insequun·

386 1251 479 1294 tur
500 1279 521 1308 ,
550 1234 890 1293 tradiderant
923 1231 1073 1292 hosti
1111 1231 1183 1290 ad
1216 1248 1376 1313 terga
1397 1230 1492 1292 sua
1513 1233 1766 1292 eircum-

387 1313 581 1374 (Ιαᾶο.
617 1312 896 1394 Paulisper
924 1314 983 1372 in
1031 1312 1231 1372 medio
1283 1310 1409 1372 caest
1432 1355 1452 1384 ‚
1500 1312 1717 1390 deinde
1742 1343 1780 1388 ‚-

392 1391 607 1456 omiffis
643 1394 903 1476 plerique
936 1395 1106 1452 armis
1123 1437 1143 1466 ‚
1167 1391 1455 1474 capessunt
1481 1390 1699 1474 fugam.

474 1473 551 1534 X.
586 1472 881 1554 Philippus
904 1493 1038 1532 cum
1073 1475 1269 1554 paucis
1298 1472 1562 1554 pediturn
1597 1474 1767 1555 equi-

392 1573 633 1638 tumque
660 1555 847 1634 primb
882 1553 1168 1614 tumulum
1189 1553 1456 1613 altiorem
1484 1554 1633 1614 inter
1665 1574 1768 1614 ce-

392 1653 549 1696 teros
583 1635 739 1716 c‘epit
760 1679 780 1708 ‚
808 1649 872 1693 ut
906 1631 1288 1713 specularetur
1308 1676 1328 1706 ,
1364 1654 1492 1714 quae
1519 1635 1580 1692 in
1610 1633 1766 1696 laeva

394 1733 557 1800 parte
593 1714 821 1775 suorum
848 1712 1076 1774 fortuna
1107 1712 1243 1774 esset
1272 1738 1292 1788 ;
1327 1713 1537 1775 deinde
1555 1758 1576 1789 ,
1606 1713 1766 1797 post·

397 1816 572 1879 quam
589 1794 783 1879 fugam
800 1791 1033 1855 effusam
1047 1792 1466 1870 animadvertit,
1479 1796 1544 1856 &
1563 1797 1766 1857 omnia

399 1876 551 1937 circa
567 1875 704 1959 juga
724 1875 888 1958 signis
907 1892 962 1935 at
1005 1896 1079 1936 ue
1097 1878 1270 1936 armis
1287 1873 1506 1958 fulgere
1518 1921 1537 1951 ,
1549 1892 1678 1937 tum
1697 1879 1768 1939 &

399 1956 521 2041 ipse
544 1960 665 2016 acie
687 1953 933 2017 exceffit.
1022 1958 1229 2016 uintius
1243 2002 1262 2031 ,
1285 1977 1463 2038 quum
1485 1955 1770 2018 institisset

403 2036 738 2098 cedentibus
760 2079 780 2109 ,
816 2057 880 2097 re
925 2036 1058 2096 ente
1093 2039 1225 2118 quia
1256 2039 1539 2117 erigentes
1569 2036 1766 2098 hastas

400 2116 757 2178 Macedonas
773 2136 885 2177 con
910 2134 1144 2197 pexerat
1160 2160 1180 2189 ‚
1198 2117 1469 2199 quidnam
1495 2135 1768 2199 pararent

399 2200 685 2272 incertuS,
722 2196 1004 2280 paulisper
1045 2200 1300 2258 novitate
1343 2200 1429 2259 rei
1474 2196 1770 2259 constituit

403 2278 442 2339 s
488 2300 561 2338 na
581 2299 601 2352 3
634 2277 841 2338 deinde
857 2322 876 2353 ,
903 2295 967 2337 ut
989 2280 1208 2359 accepit
1228 2278 1380 2338 hune
1400 2299 1622 2339 morem
1645 2274 1770 2340 effe

402 2299 799 2420 ffaeedonum
830 2357 1178 2419 tradentium
1199 2355 1347 2431 sese,
1379 2380 1611 2439 parcere
1635 2362 1772 2420 vic-

401 2442 474 2499 tis
512 2442 571 2498 in
612 2441 866 2498 animum
900 2437 1163 2498 habebat.
1197 2436 1478 2499 Ceterum
1507 2439 1578 2499 ab
1613 2441 1771 2523 igna-

341 2550 347 2557 ·
402 2522 479 2577 ris
511 2518 782 2579 militibus
808 2516 1062 2579 omiffam
1091 2519 1162 2578 ab
1198 2516 1360 2579 hoste
1381 2540 1665 2601 pugnam,
1699 2523 1773 2583 ὃ(

446 2600 546 2659 uid
584 2601 895 2679 imperator
914 2598 1092 2660 vellet
1111 2642 1130 2669 ‚
1163 2600 1410 2682 impetus
1441 2602 1500 2659 in
1523 2599 1776 2662 eosdem

402 2622 579 2739 {Eius
603 2722 623 2751 ‚
666 2681 730 2739 &
751 2721 771 2751 ‚
802 2679 1000 2759 primis
1031 2676 1186 2739 caesis
1213 2722 1231 2753 ,
1255 2680 1432 2740 ceteri
1468 2682 1530 2739 in
1561 2678 1776 2763 fugam

403 2756 527 2819 diffi
572 2760 647 2817 ati
680 2756 823 2819 sunt.
850 2758 981 2818 Rex
1011 2756 1188 2819 effuso
1221 2757 1382 2821 cursu
1404 2759 1635 2841 Tempe
1662 2783 1776 2843 pe·

403 2842 489 2899 tit.
589 2840 607 2896 i
642 2838 715 2897 ad
742 2836 989 2899 Gonnos
1020 2838 1176 2899 diem
1217 2860 1391 2901 unum
1426 2838 1667 2901 substitit
1693 2844 1777 2904 ad

405 2918 775 3002 excipiendos
794 2962 816 2995 ‚
844 2916 887 2981 st
912 2921 1010 3003 qui
1027 2920 1237 3002 proelio
1254 2919 1616 3003 superess'ent.
1641 2920 1799 2988 Rea

1913 11 1990 2207 --μω-*Α
