2004 3691
509 251 888 323 ιιΒεκ.
975 250 1393 323 XXXII.
1502 271 1629 347 133

267 360 550 427 Romano
583 368 656 428 ad
685 384 994 449 tyrannum
1020 413 1040 441 ‚
1084 368 1335 428 eundum
1374 368 1595 429 diceret
1616 410 1637 442 ,
1662 378 1859 424 ,ιω-κει·

271 446 339 505 in
365 446 700 508 sententiam
731 448 884 509 suam
915 446 1227 527 Quintium
1247 448 1495 509 traduxit
1511 488 1530 520 ,
1560 467 1637 507 ne
1662 446 1859 537 Uet-555·

273 527 340 585 in
377 527 586 589 urbem
622 528 800 610 ipsam
827 530 1020 611 Argos
1060 532 1187 590 iret.
1228 528 1403 589 Haud
1436 528 1636 609 procul
1660 506 1861 619 *NLZZ

245 605 420 667 'urbe
467 608 782 689 Mycenica
827 626 1067 671 vocatur
1107 631 1121 669 τ
1166 611 1226 668 in
1269 628 1343 669 eo
1389 608 1521 669 loco
1572 625 1641 669 ut
1660 642 1739 689 my
1781 678 1792 689 .

269 690 764 769 congrederentur
783 733 802 762 ,
843 690 1135 751 convenit.
1179 687 1456 767 Quintius
1502 706 1643 749 cnm
1658 680 1821 766 {²3:2⁸⁶

268 765 445 828 fratre
483 771 550 831 &
581 770 824 829 tribunis
865 770 1109 830 militum
1148 772 1376 848 pauci3‚
1406 768 1639 829 Attalus
1660 779 1803 829 ³⁸³⁸*-

267 868 408 907 cum
437 852 600 930 regio
637 852 911 911 comitatu
931 895 950 921 ,
1001 848 1353 909 Nicostratus
1384 847 1639 911 Achaeo-

271 948 402 987 rum
425 948 639 1009 praetor
669 952 806 992 cum
828 929 1191 990 auxiliaribus
1214 931 1413 1011 paucis
1435 932 1597 990 venit
1614 950 1635 990 ε

269 1023 588 1089 tyrannum
629 1010 710 1071 ibi
747 1032 881 1071 cum
914 1010 1181 1070 omnibus
1230 1011 1411 1089 copiis
1448 1030 1638 1091 oppe-

271 1090 526 1149 rientem
569 1092 912 1153 invenerunt
952 1113 967 1151 ι
1024 1088 1342 1171 progreffus
1390 1108 1639 1150 armatus

271 1190 412 1230 cum
439 1168 763 1231 satellitibus
783 1172 1007 1231 armatis
1032 1168 1113 1229 est
1144 1172 1201 1230 in
1226 1168 1487 1229 medium
1511 1167 1637 1231 fere

273 1247 660 1328 interjacentis
689 1254 873 1332 campi
903 1272 917 1310 z
943 1252 1177 1310 inermis
1199 1246 1475 1327 Quintius
1498 1271 1635 1311 cum

267 1327 448 1390 fratre
484 1332 549 1393 &
586 1331 812 1393 duobus
838 1331 1080 1392 tribunis
1116 1329 1362 1391 militum
1382 1352 1399 1389 ε
1421 1326 1629 1391 inermi

263 1411 415 1470 item
458 1413 580 1493 regi
668 1430 838 1471 raetor
876 1410 1227 1472 Achaeorum
1264 1412 1327 1470 &
1362 1431 1511 1470 unus
1553 1410 1628 1471 ex'

261 1493 590 1575 purpuratis
624 1434 768 1552 latus
807 1491 1129 1574 cingebant.
1163 1489 1390 1550 Initium
1420 1488 1629 1552 sermo·

260 1573 354 1630 nis
385 1572 455 1631 ab
493 1570 850 1633 excusatione
895 1574 1129 1651 tyranni
1175 1590 1366 1632 ortum
1393 1614 1414 1643 ,
1460 1572 1633 1651 Quod

257 1671 510 1713 armatus
536 1650 646 1732 ipse
681 1649 1000 1731 armatisque
1013 1651 1199 1732 septus
1219 1696 1242 1723 ,
1281 1673 1445 1731 quum
1484 1656 1628 1711 ineu-'-

259 1754 382 1791 mes
415 1736 722 1794 Romanum
763 1736 1117 1813 imperatorem
1153 1752 1417 1813 regemque
1450 1754 1626 1791 ceme-

257 1829 346 1873 ret
363 1858 384 1888 ‚
419 1815 478 1873 in
515 1814 838 1894 colloquium
877 1808 1097 1890 veniffet
1126 1834 1156 1884 ,·
1188 1833 1357 1893 neque
1394 1814 1537 1872 enim
1562 1809 1630 1891 se

255 1895 398 1954 illos
439 1896 616 1955 timere
659 1895 802 1955 dixit
829 1938 848 1967 ‚
883 1893 990 1973 fid
1030 1892 1238 1972 exfitles
1274 1895 1625 1973 Argivorum.

179 2016 190 2022 -
253 1971 412 2034 Inde
431 2017 452 2048 ,
481 1975 582 2034 ubi
621 1973 693 2035 de
730 1973 1157 2035 conditionibus
1180 1974 1439 2033 amicitiae
1462 1995 1625 2054 coep·

257 2069 393 2114 tum
417 2057 506 2136 agi
541 2053 657 2130 est,
686 2055 982 2116 Romanus
1017 2054 1155 2115 duas
1176 2051 1463 2134 postulare
1492 2074 1622 2128 res;

258 2155 442 2196 unam
462 2180 482 2209 ‚
513 2154 577 2195 ut
601 2135 820 2196 bellum
853 2155 986 2196 cum
1008 2133 1242 2195 Achaeis
1276 2130 1465 2194 finiret
1490 2155 1515 2208 ;
1542 2135 1623 2194 al·

257 2231 455 2276 teram
477 2259 496 2288 ,
527 2232 591 2275 ut
610 2217 884 2277 adversus
914 2214 1241 2296 Philippum
1258 2216 1513 2274 mitteret
1533 2213 1623 2276 se-

257 2316 405 2356 cum
423 2296 642 2356 auxilia.
667 2296 750 2356 Ea
775 2295 831 2354 se
847 2294 1139 2355 miffurum
1158 2294 1329 2355 dixit:
1351 2300 1458 2375 pro
1474 2314 1621 2376 pace

255 2396 404 2436 cum
432 2373 662 2436 Achaeis
683 2421 705 2447 ,
737 2375 982 2436 induciae
1026 2378 1341 2455 impetratae
1364 2419 1384 2450 ,
1430 2375 1622 2435 donec
1689 2423 1704 2434 .

253 2455 487 2516 bellum
518 2475 654 2515 cum
683 2455 954 2535 Philippo
981 2453 1261 2514 finiretur.

283 2583 292 2590 .
344 2535 471 2596 XL.
493 2533 590 2595 De
610 2533 782 2617 Argis
801 2555 1035 2616 quoque
1058 2531 1385 2613 disceptatio
1409 2534 1479 2594 ab
1508 2533 1625 2596 At·

257 2615 388 2676 talo
417 2635 552 2697 rege
587 2613 668 2675 est
699 2633 865 2687 nata,
899 2636 1077 2696 quum
1118 2613 1312 2674 fraude
1348 2614 1625 2676 Philoclis

258 2695 554 2792 proditam
587 2695 788 2755 urbem
823 2697 884 2755 vi
903 2695 974 2754 ab
1002 2717 1080 2756 eo
1109 2696 1289 2755 teneri
1316 2712 1577 2776 argueret
1594 2715 1623 2768 3

257 2777 362 2836 ille
385 2819 404 2848 ‚
439 2775 512 2834 ab
549 2778 568 2834 i
611 2773 683 2835 fis
715 2776 946 2858 Argivis
971 2821 992 2849 ,
1022 2793 1085 2836 ut
1134 2773 1193 2836 fe
1234 2773 1569 2836 defenderet
1594 2818 1621 2848 ,

251 2858 530 2924 accitum.
550 2797 914 2936 &arcionem
931 2855 1290 2941 Argivorum
1310 2875 1411 2918 rex
1428 2851 1636 2937 postue·
