2004 3691
463 309 829 378 LIBER
926 307 1408 377 XXXIII.
1482 325 1610 403 151

254 421 360 485 fati
378 468 401 497 ,
440 426 594 486 Rea&
626 443 786 504 atque
816 425 999 484 ordine
1029 425 1381 505 imperatorem
1412 427 1616 485 Rorna-
1641 445 1833 480 aas

253 527 390 566 num
401 503 584 586 facere
601 551 623 576 ,
653 507 801 585 quod
812 550 835 576 ,
876 527 1012 585 quos
1039 507 1167 564 belli
1189 504 1374 584 socios
1404 501 1622 583 habuis-⁸·
1639 502 1722 594 {³0⁰
1727 513 1832 604 {31

246 585 338 666 [ἐι
360 632 382 658 ,
428 610 546 646 cum
570 601 575 606 “
596 589 671 646 iis
712 589 1120 646 communicaret
1163 589 1326 667 pacis
1376 587 1622 664 confilia.
1719 581 1730 594 ⁶

257 669 417 729 Falli
446 687 622 728 autern
649 689 764 726 eum
790 668 907 728 tota*
938 689 989 727 re
1008 711 1024 732 ‚
1037 669 1096 747 fi
1121 686 1219 727 aut
1239 669 1510 728 Romanis
1520 688 1622 748 pa-

260 766 373 808 cem
388 793 411 820 ,
446 767 545 810 aut
578 750 793 809 Graeciae
832 749 1120 807 libertatem
1148 747 1295 827 satis
1310 749 1528 826 finnam
1555 747 1622 827 se

258 833 445 891 credat
472 831 765 891 relic—runem
782 873 805 900 ,
842 831 951 908 nist
977 830 1236 910 Philippo
1270 847 1370 888 aut
1393 826 1574 907 soccisb
1595 873 1620 900 ,

258 926 367 968 aut
401 933 553 992 regno
582 907 743 992 pu'lfir
762 931 788 981 ,·
812 932 927 988 quae
950 927 1172 990 utraque
1181 911 1459 992 proclivia
1473 908 1573 989 ff
1595 955 1618 986 ‚

244 989 548 1070 fifhrtund
578 993 660 1051 uti
689 991 865 1051 vellet.
902 990 1005 1050 Ad
1039 991 1162 1050 haec
1195 989 1472 1070 Quintius
1505 1008 1614 1050 ne·-

258 1091 395 1154 gare
414 1117 435 1146 ,
460 1073 689 1132 AEtolos
718 1089 817 1132 aut
840 1073 1004 1132 moris
1029 1075 1392 1132 Romanorum
1426 1093 1619 1130 memo-

256 1175 343 1214 res
360 1198 383 1224 ,
418 1172 516 1214 aut
546 1154 653 1227 fibi
696 1153 827 1232 ipfis
870 1155 1260 1214 convenientem
1293 1150 1618 1232 sententiam

256 1231 472 1311 dixiffi.
510 1237 589 1294 Et
618 1235 749 1296 illos
770 1235 1039 1315 prioribus
1071 1235 1320 1293 omnibus
1367 1233 1620 1293 conciliis

257 1313 646 1396 colloquiisque
680 1317 746 1374 de
777 1316 1176 1374 conditionibus
1198 1315 1362 1396 pacis
1379 1312 1618 1394 semper,

187 1454 200 1466 s
256 1417 375 1458 non
412 1415 473 1456 ut
512 1398 591 1455 ad
630 1395 1031 1456 internecionem
1083 1396 1366 1456 bellaretur
1390 1440 1413 1467 ,
1461 1397 1520 1454 di
1563 1418 1619 1454 e-

258 1475 422 1556 ruzffe
433 1499 459 1550 ‚·
484 1477 539 1538 6·
557 1480 837 1538 Romanos
853 1521 877 1548 ‚
886 1495 1078 1558 praeter
1097 1477 1482 1558 vetustiffimum
1509 1497 1620 1536 mo-

258 1579 371 1622 rern
392 1560 546 1620 villis
558 1559 815 1639 parcendi
832 1560 1183 1639 ,praecipuum
1213 1557 1494 1618 clementia
1515 1556 1620 1617 do-

256 1657 562 1700 cumentum
579 1636 773 1717 dedzffe
789 1682 810 1711 ,
826 1659 964 1719 pace
980 1639 1257 1700 Annibali
1277 1639 1331 1698 6·
1351 1639 1546 1699 Cartha
1581 1641 1622 1697 i-

260 1721 531 1799 nienstbus
574 1721 726 1780 dard.
765 1722 1020 1779 Omittere
1048 1719 1112 1798 se
1149 1659 1620 1802 Carthaginiensis.

262 1803 397 1863 Cum
424 1801 683 1883 Philippo
722 1799 839 1882 ipso
876 1803 1088 1881 quoties
1115 1819 1332 1861 ventum
1363 1803 1421 1861 in
1455 1800 1623 1861 collo-

262 1886 451 1965 quium
468 1886 501 1944 ?
516 1905 612 1944 nec
636 1904 886 1963 umquam
908 1927 929 1953 ,
946 1900 1008 1943 ut
1024 1886 1218 1943 cederet
1237 1904 1390 1967 regno
1409 1926 1430 1956 ,
1449 1884 1620 1947 allum

260 1963 365 2043 effi
388 1966 423 2024 ?
444 1966 544 2025 An
558 2008 579 2037 ,
603 1966 736 2044 quia
764 1966 939 2023 vietus
1008 1965 1152 2023 roelio
1167 1962 1344 2043 foret,
1368 1965 1620 2045 inexpia-

262 2046 376 2105 bile
411 2046 605 2105 bellurn
634 2044 843 2125 saelum
870 2046 904 2105 ?
940 1985 1072 2105 (eiam
1114 2063 1321 2105 armato
1355 2046 1424 2105 Ιιο
1465 2068 1494 2105 e
1533 2046 1620 2105 in·

252 2122 411 2208 ftftis
448 2126 647 2187 animis
687 2126 923 2185 concurri
961 2125 1140 2184 debere
1159 2147 1186 2198 ,·
1213 2128 1470 2186 adversus
1507 2130 1625 2185 vic-
1668 2140 1676 2145 “
1749 2185 1756 2195 ,
1815 2180 1823 2189 .

266 2225 357 2267 tos
374 2252 396 2277 ,
416 2206 731 2283 mitiffi'rnum
754 2226 1037 2285 quemque,
1061 2208 1302 2265 animum
1329 2209 1627 2266 maximum

266 2288 475 2349 habere.
514 2287 781 2349 Liber-tati
810 2288 1028 2347 Gtaeciae
1063 2288 1232 2345 videri
1271 2308 1462 2369 graves
1491 2290 1627 2346 Ma-

264 2370 525 2429 cedonum
558 2388 695 2447 reges
718 2389 744 2439 ‚·
767 2368 826 2446 si
852 2388 1064 2447 regnum
1093 2364 1317 2447 gensque
1354 2368 1582 2425 tollatur
1598 2411 1622 2439 ,

270 2451 511 2511 Thracas
526 2492 548 2519 ,
571 2450 794 2529 Illyrios
808 2493 831 2520 ,
864 2448 1064 2509 Gallos
1085 2448 1272 2507 deinde
1293 2492 1314 2518 ‚
1345 2466 1524 2529 gentes
1533 2444 1630 2526 fe-

268 2552 363 2592 ras
388 2530 443 2591 6³
477 2531 769 2591 indomitas
790 2574 813 2601 ,
842 2530 901 2589 in
941 2531 1330 2589 Macedoniam
1357 2526 1420 2607 fi
1467 2528 1522 2589 6·
1565 2530 1628 2590 in

270 2613 538 2673 Graeciam
556 2608 827 2691 effitsitras.
842 2612 934 2669 Ne
946 2655 969 2682 ,
977 2610 1234 2690 proxima
1251 2630 1466 2689 quaque
1482 2632 1628 2669 amo-

268 2689 450 2753 liendo
468 2737 490 2763 ‚
528 2690 817 2772 majoribus
840 2689 1269 2773 gravioribusque
1303 2693 1512 2751 aditum
1551 2692 1631 2751 ad

254 2771 320 2852 [ὲ
346 2769 605 2851 facerent.
634 2770 925 2831 Interfanti
954 2772 1163 2832 deinde
1185 2770 1441 2833 Phaeneae
1477 2790 1626 2852 prae-

264 2856 385 2914 tori
404 2852 769 2924 AEtoloru'm‚
803 2850 1236 2935 testificantique
1260 2897 1279 2925 ‚
1325 2851 1368 2913 fi
1407 2850 1627 2931 elapsus

268 2954 351 2999 eo
389 2949 651 3019 tempore
682 2932 977 3017 Philippus
1010 2932 1160 2997 foret
1181 2978 1200 3010 ‚
1229 2954 1370 3075 13th
1404 2934 1628 3016 gravihs

1327 3034 1390 3075 n·
1603 3040 1606 3046 ·
