2004 3691
458 249 668 320 Lm
699 267 750 318 ε
783 261 837 321 ιι·
909 205 1377 323 XXXIV.
1465 265 1605 348 237

231 363 445 428 'decem
471 369 540 430 &
563 367 696 430 ofio
727 365 888 427 tediae
918 385 1098 428 naves
1125 389 1140 429 ε
1172 365 1289 446 jam
1315 367 1603 428 Eumenes
1629 395 1825 426 εει-

232 465 340 507 rex
365 450 515 508 circa
538 447 829 530 Cycladas
857 447 1063 508 insulas
1092 465 1213 508 erat
1240 468 1373 508 cum
1400 448 1607 508 decem
1630 451 1825 542 Ogm-

235 526 403 587 teffis
441 529 723 604 navibus,
755 529 982 610 triginta
1026 528 1268 602 lemhi5‚
1302 527 1607 612 mixtisque
1634 512 1669 541 '¹‘
1723 508 1827 550 ’¹⁹⁵⁶

238 609 368 666 aliis
431 610 668 670 minoris
729 607 932 669 formae
989 609 1227 691 navigiis
1277 631 1292 670 t
1350 607 1605 690 ipsorum

238 708 474 769 quoque
483 688 1054 750 Lacedaemoniorum
1076 687 1297 749 exsules
1316 689 1607 770 permulti,

234 783 620 848 tyrannorum
645 767 853 850 injuria
880 767 1025 850 pulfi
1043 814 1064 844 ‚
1084 768 1182 850 spe
1206 771 1609 852 recuperandae.

236 851 440 928 patriae
460 851 520 908 in
539 849 712 910 castra
727 849 990 909 Romana
1008 867 1427 911 convenerant:
1444 850 1613 912 multi

241 944 438 989 autem
480 948 639 991 erant
659 977 679 1006 ,
714 928 830 1009 jam
872 949 976 1010 per
1011 931 1229 1011 aliquot
1268 945 1459 990 aetates
1479 975 1500 1004 ‚
1535 951 1611 991 ex

243 1029 370 1090 quo
399 1013 632 1088 tyranni
667 1009 941 1072 tenebant
970 1009 1449 1084 Lacedaemonem
1466 1053 1487 1083 ,
1516 1012 1609 1070 alii

242 1089 480 1150 ab·aliis
517 1089 680 1172 pulfi.
711 1090 982 1171 Princeps
1020 1107 1141 1150 erat
1171 1089 1424 1150 exsulum
1452 1091 1508 1150 A
1550 1110 1613 1151 e-

245 1168 480 1251 fipolis,
507 1169 668 1252 cujus
701 1168 823 1250 jure
858 1172 1041 1252 gentis
1073 1191 1312 1252 regnum
1340 1171 1489 1232 Lace
1532 1193 1611 1231 ae-

211 1246 426 1310 'mone
463 1268 620 1325 erat,
651 1250 841 1333 pulsus
873 1250 1057 1310 infans
1094 1252 1165 1310 ab
1199 1251 1469 1334 Lycurgo
1508 1270 1613 1333 ty-

240 1351 428 1390 ranno
454 1330 582 1412 post
607 1349 854 1392 mortem
879 1329 1250 1407 Cleomenis,
1270 1334 1367 1414 qui
1394 1334 1611 1414 primus

239 1428 526 1493 tyrannus
559 1412 978 1472 Lacedaemone
1013 1410 1140 1473 fuit.

329 1489 582 1552 XXVII.
640 1490 846 1572 Quum
891 1493 1042 1552 terra
1086 1493 1341 1575 marique
1390 1509 1608 1554 tantum
1684 1507 1830 1560 Appa-

241 1571 391 1632 belli
452 1573 836 1634 circumstaret
899 1589 1209 1654 tyrannum
1238 1617 1259 1646 ‚
1307 1575 1372 1634 ὅ(
1423 1575 1608 1656 prope
1630 1568 1830 1646 {iffifl‘

241 1652 406 1713 nulla
468 1653 596 1734 spes
657 1651 794 1714 effet
855 1654 998 1714 vere
1058 1651 1179 1713 suas
1247 1651 1609 1736 hostiumque

243 1729 548 1793 aestimanti
569 1735 754 1806 vires,
773 1753 892 1792 non
921 1750 1116 1794 tamen
1142 1731 1332 1794 omisit
1354 1734 1609 1795 bellum:

241 1811 356 1873 sed
398 1815 464 1876 &
498 1835 533 1874 a
574 1811 750 1875 Creta
796 1813 978 1874 mille,
999 1813 1251 1875 ἀεῑεᾶοε
1300 1812 1617 1894 juventutis

247 1912 460 1954 eorum
495 1895 745 1969 excivit,
775 1914 954 1977 quum
991 1894 1149 1955 mille
1184 1894 1299 1974 jam
1337 1886 1617 1971 haberet3

249 1976 322 2036 &
351 1977 455 2034 tria
483 1974 661 2033 millia
689 1977 1177 2037 mercenariorum
1207 1977 1451 2037 rnilitum
1472 2020 1491 2049 ‚
1520 1977 1621 2037 de-

248 2073 388 2114 cem
451 2054 630 2115 millia
690 2055 1055 2135 popularium
1115 2078 1247 2118 cum
1306 2055 1617 2135 ca'stellanis
1682 2103 1686 2107 -

241 2130 569 2216 *agrestibus
613 2138 670 2194 in
717 2138 886 2194 armis
927 2135 1127 2195 habuit
1158 2157 1178 2210 3
1216 2138 1281 2198 &
1316 2136 1457 2197 foss'a
1490 2139 1618 2197 val-

250 2214 432 2295 loque
479 2214 682 2275 urbem
733 2217 1168 2289 communivit3
1214 2218 1320 2290 &,
1351 2236 1426 2276 ne
1479 2218 1621 2301 quid

247 2292 505 2355 intestini
545 2294 738 2355 motfis
780 2298 1023 2355 oriretur
1042 2339 1062 2369 ,
1098 2313 1260 2355 metu
1299 2298 1361 2357 &
1393 2298 1620 2357 acerbi-

247 2391 375 2436 tate
454 2395 712 2435 oenarum
749 2374 983 2435 tenebat
1015 2376 1239 2435 animos
1260 2418 1277 2447 ,
1308 2377 1620 2457 quoniam3

234 2472 325 2515 ·ut
358 2396 573 2515 safvum
605 2454 824 2515 vellent
860 2472 1210 2536 tyrannum,
1235 2454 1267 2513 s
1303 2475 1460 2515 erare
1498 2477 1622 2517 non

251 2552 504 2619 poterat.
537 2534 740 2614 Quum
774 2534 1055 2617 suspe&os
1092 2533 1243 2615 quos
1275 2557 1367 2596 am
1403 2538 1619 2597 civium

237 2614 752 2689 -habereneduffls
775 2618 832 2675 in
856 2636 1121 2697 campum
1146 2616 1411 2676 omnibus
1434 2620 1623 2700 copiis

251 2694 588 2778 (Dromon
625 2694 730 2777 ipfi
769 2713 980 2756 vocant
1068 2694 1262 2777 pofitis
1302 2700 1473 2757 armis
1493 2742 1513 2771 ,
1547 2698 1626 2759 ad

255 2777 609 2836 concionem
657 2778 860 2837 vocari
911 2775 970 2855 ju
1014 2793 1061 2836 it
1096 2774 1569 2839 Laeedaemonios
1599 2819 1627 2850 ,

259 2874 443 2937 atque
460 2938 476 2951 .
495 2876 694 2920 eorum
738 2859 1012 2931 concioni
1062 2854 1327 2925 satellites
1380 2874 1629 2936 armatae,
