2004 3691
373 257 504 332 128
754 263 829 333 T.
927 267 1343 350 ertt

147 383 347 430 'au-*2-
446 375 699 438 XXXV.
743 377 1070 439 parantibus
1124 377 1354 440 Achaeis
1406 372 1648 436 AEtolis
1733 389 1778 434 e

150 451 348 543 23:355:
370 455 443 516 ad
478 478 547 517 ea
590 457 935 540 respondere
957 505 977 535 ‚
1015 481 1192 541 quum
1235 478 1420 540 prope
1465 478 1620 518 occa
1653 473 1780 514 um

283 515 330 554 ῃ
368 535 453 596 sol
486 536 622 598 effet
642 583 663 612 ‚
696 540 871 600 dilato
907 543 963 600 in
1051 538 1297 600 osterum
1335 539 1497 598 diem
1544 535 1777 597 collo·-

412 619 545 692 uio,
571 618 863 701 Philippus
897 623 957 680 in
992 563 1324 694 ssationem,
1355 639 1427 678 ex
1462 639 1577 698 qua
1615 635 1781 698 pro-

372 638 552 758 ἓεᾶιιε
588 717 707 759 erat
726 744 747 773 ,
774 700 1024 760 Romani
1053 699 1304 780 sociique
1343 702 1402 758 in
1426 695 1634 760 Castra
1671 715 1782 754 re-

205 789 343 850 Alter„
376 777 619 838 dierunt.
658 777 935 859 Quintius
974 779 1208 861 postero
1243 781 1335 838 die
1367 777 1439 838 ad
1478 777 1777 838 Nicaeam

158 840 345 927 {fi‘f³'“⁸
381 857 476 937 (is
511 861 667 919 enim
690 861 851 920 locus
883 855 1224 942 placuerat)
1265 859 1336 918 ad
1367 855 1773 918 constitutum

376 955 605 1021 tempus
639 943 816 1004 venit.
852 941 1102 1022 Philippi
1133 939 1320 999 nullus
1355 937 1591 1018 usquam
1635 955 1771 995 nec

272 1071 279 1075 .
374 1022 603 1080 nuntius
641 1021 715 1081 ab
746 1041 819 1081 eo
852 1041 957 1102 per
990 1021 1212 1103 aliquot
1232 1019 1399 1080 horas
1430 1017 1773 1086 veniebat3

378 1101 445 1162 &
476 1099 593 1182 jam
636 1097 1066 1183 desperantibus
1110 1116 1416 1160 venturum
1437 1143 1459 1172 ‚
1505 1095 1776 1178 repente

377 1198 761 1261 apparuerunt
810 1203 1009 1244 naves.
1043 1179 1242 1262 Atque
1291 1177 1408 1259 ipse
1461 1179 1717 1259 quidem
1744 1219 1775 1248 ‚

382 1265 569 1340 Quum
607 1279 719 1320 tam
746 1263 938 1342 gravia
978 1263 1034 1322 δ’
1067 1263 1294 1342 indigna
1327 1263 1770 1340 imperarentur,

380 1343 589 1421 inopem
626 1343 835 1418 consilii
874 1345 1014 1402 diem
1038 1340 1101 1420 fi
1143 1336 1504 1422 confitmpfiffl
1548 1341 1770 1400 delibe-

384 1423 555 1482 rando
576 1466 596 1494 ‚
632 1422 833 1483 aiebat.
869 1421 1070 1504 Vulgo
1125 1420 1495 1495 credebatur,
1537 1420 1614 1480 de
1663 1423 1771 1480 in·-

382 1498 599 1568 ,dustria
640 1521 761 1562 rem
787 1504 845 1560 in
884 1501 1072 1562 serum
1099 1499 1331 1560 traciam
1357 1546 1377 1575 ‚
1405 1521 1478 1561 ne
1517 1516 1766 1582 tempus

388 1581 511 1642 dari
550 1579 732 1662 posset
768 1580 1000 1642 Achaeis
1027 1580 1344 1662 AEtolisque
1397 1580 1470 1640 ad
1508 1579 1610 1641 res
1645 1602 1768 1641 on-

388 1658 645 1723 dendurn
684 1685 703 1736 3
732 1663 796 1724 &
834 1683 965 1724 eam
998 1663 1337 1743 opinionem
1366 1659 1484 1742 ipse
1611 1683 1766 1722 rma-

390 1745 479 1804 vit
505 1788 525 1817 ‚
544 1743 798 1824 petendo
822 1787 843 1815 ,
864 1760 928 1802 ut
944 1786 964 1816 ,
988 1741 1284 1802 summotis
1315 1741 1434 1802 aliis
1454 1787 1473 1815 ‚
1502 1763 1578 1804 ne
1605 1760 1769 1802 tem-

389 1844 499 1905 pus
534 1823 861 1884 altercando
895 1838 1170 1884 tereretur
1190 1868 1210 1897 ,
1257 1823 1322 1884 &
1363 1821 1564 1905 aliquis
1619 1821 1766 1885 finis

390 1905 476 1965 rei
516 1906 738 1985 imponi
774 1901 957 1986 poffet
980 1949 1000 1978 ,
1045 1924 1179 1963 cum
1207 1902 1352 1983 ‘ipso
1400 1907 1764 1985 imperatore

391 1982 661 2047 Romano
682 1984 881 2044 liceret
905 1982 1010 2043 fibi
1031 1984 1306 2063 colloqui.
1330 1981 1396 2043 Id
1417 1986 1605 2064 primo
1627 2006 1761 2045 non

390 2079 729 2147 acceptum,
760 2084 833 2124 ne
878 2064 1106 2125 excludi
1150 2064 1446 2145 colloquio
1479 2064 1768 2125 videren-

393 2159 485 2205 tur
530 2141 671 2203 socii
702 2167 719 2217 ;
760 2144 1008 2218 deinde,
1047 2164 1225 2224 quum
1265 2144 1416 2205 haud
1461 2142 1766 2210 absisteret

395 2240 635 2305 petere,
660 2244 731 2285 ex
762 2227 1022 2285 omnium
1056 2222 1292 2284 consilio
1317 2223 1610 2285 Romanus
1645 2228 1765 2285 im·-

392 2320 623 2382 perator
656 2326 789 2368 cum
818 2305 1020 2386 Appio
1049 2302 1296 2365 Claudio
1331 2303 1559 2365 tribuno
1602 2306 1766 2365 mili-

394 2400 557 2459 tum,
586 2387 793 2447 ceteris
830 2384 1163 2459 summotis,
1193 2386 1266 2445 ad
1301 2401 1624 2451 extremum
1657 2388 1762 2447 lit-

394 2482 485 2523 tus
510 2464 793 2544 proceffit.
826 2466 957 2526 Rex
990 2486 1119 2526 cum
1159 2464 1382 2525 duobus
1401 2510 1421 2547 ,
1449 2486 1594 2547 quos
1633 2471 1762 2548 pri-

396 2545 493 2603 die
526 2544 889 2619 adhibuerat,
918 2548 977 2605 in
1011 2563 1218 2606 terram
1251 2543 1333 2605 est
1371 2544 1755 2627 egreffus.1bi

396 2644 576 2706 quum
636 2625 997 2705 aliquamdiu
1023 2624 1250 2685 secreto·
1297 2624 1473 2693 locuti
1519 2624 1696 2687 effent
1735 2673 1757 2702 ‚

396 2723 525 2785 quae
558 2703 677 2765 acia
702 2705 775 2764 ad
810 2704 939 2765 suos
972 2704 1264 2786 Philippus
1299 2705 1590 2781 retulerit,
1639 2710 1757 2767 mi·-

380 2786 503 2853 =niis
537 2800 899 2866 compertum
934 2782 1036 2846 est.
1075 2784 1362 2864 Quintius
1397 2785 1518 2846 haec
1555 2789 1754 2860 retulit

396 2862 473 2941 ad
500 2862 684 2931 socios
714 2886 729 2926 z
760 2867 1030 2933 Romanis
1063 2886 1179 2947 equa
1207 2868 1380 2931 cedere
1399 2867 1519 2939 ford
1537 2869 1761 2960 lllyrici
