2004 3691
491 277 859 345 LIBER
959 274 1329 343 XXXI.
1514 280 1603 363 532

218 384 388 482 'giam
423 388 728 459 stationem
762 391 1094 453 incidebant
1130 414 1151 465 ;
1198 392 1263 453 &
1338 388 1489 449 lures
1528 386 1603 449 ab

231 465 628 533 obsidentibus
662 475 786 534 vias
806 515 827 545 ,
849 473 1025 555 quam
1058 472 1131 533 ab
1167 472 1281 533 erni
1346 492 1373 531 s
1392 469 1467 529 ad
1496 492 1604 529 cae-
1671 493 1682 503 ·
1716 492 1728 503 ·

233 547 376 610 dem
397 596 416 631 ,
453 551 930 613 interficiebantur
961 576 977 616 z
1018 553 1254 613 tandem
1304 554 1451 611 inter
1489 572 1607 611 me·

235 626 359 711 dias
391 630 644 693 hostium
681 632 951 697 stationes
985 632 1161 715 elapsi
1216 633 1449 713 quidam
1495 648 1605 692 tre·

234 710 358 785 pidi
384 756 405 785 ‚
434 713 745 776 tumultum
771 737 865 775 ma
905 718 950 775 is
971 758 992 789 ,
1016 714 1189 797 quam
1212 729 1436 774 certum
1462 733 1611 783 nun·-⁸

232 790 382 849 tium
406 834 426 865 ‚
454 794 760 854 intulerunt
787 737 996 857 caffriS.

301 869 629 935 XXXVII.
664 874 916 949 Consul,
956 874 1240 957 equitibus
1274 871 1461 953 iuffis,
1486 872 1604 956 qua

231 950 474 1033 quisque
502 952 688 1035 posset
705 1000 726 1029 ‚
762 977 943 1038 opem
976 956 1127 1016 ferre
1170 955 1556 1015 laborantibus
1580 998 1603 1029 ,

229 1029 356 1113 ipse
393 1032 653 1115 legiones
689 1056 722 1095 e
767 1035 958 1095 castris
999 1036 1222 1108 educit,
1270 1036 1337 1096 ὃ(
1376 1036 1606 1115 agmine

236 1112 522 1195 quadrato
555 1115 630 1174 ad
667 1114 894 1178 hostem
932 1116 1105 1179 ducit.
1151 1112 1409 1197 Disperfi
1452 1116 1608 1195 equi-

235 1202 327 1251 tes
363 1214 469 1274 per
499 1215 668 1277 agros
697 1197 928 1279 quidam
967 1197 1336 1268 aberrarunt,
1373 1194 1609 1275 decepti

235 1272 584 1335 clamoribus
616 1277 738 1336 aliis
781 1298 854 1338 ex
889 1278 1005 1337 alio
1029 1275 1419 1337 exsistentibus
1444 1274 1603 1336 loco.

237 1348 380 1429 Pars
433 1354 642 1416 obvios
687 1356 1006 1418 habuerunt
1062 1356 1253 1417 hostes
1291 1376 1308 1417 ι
1345 1356 1605 1439 pluribus

237 1432 387 1495 locis
414 1432 579 1495 fimul
603 1458 682 1518 pu
723 1458 798 1497 na
825 1440 1023 1517 coepit.
1052 1437 1233 1519 Regia
1255 1435 1422 1497 statio
1456 1453 1606 1495 atro-

239 1512 521 1590 ciffimum
563 1520 834 1597 proeium
877 1518 1087 1578 edebat
1124 1540 1139 1577 t
1185 1538 1317 1577 nam
1365 1518 1431 1578 δι
1466 1516 1607 1598 'ipsa

239 1595 606 1657 multitudine
669 1600 928 1679 equitum
984 1598 1361 1679 peditumque
1392 1596 1611 1677 ,prope

240 1672 396 1759 justa
425 1678 575 1736 acies
595 1694 714 1737 erat
737 1700 756 1751 ;
781 1680 848 1740 ὃ(
871 1677 1271 1739 Romanorum
1294 1722 1313 1751 ,
1340 1680 1473 1758 quia
1491 1696 1612 1735 me·

244 1756 412 1815 dium
459 1756 760 1820 obsederat
795 1760 941 1832 iter,
975 1759 1204 1839 plurimi
1244 1759 1304 1817 in
1360 1776 1489 1817 eam
1532 1758 1613 1815 in·

243 1834 596 1898 ferebantur.
631 1836 722 1898 Εὸ
768 1859 1001 1922 quoque
1051 1837 1367 1920 superiores
1408 1835 1614 1898 Mace-

243 1917 434 1978 dones
473 1935 674 1992 erant,
718 1920 878 2000 qubd
920 1921 986 1981 &
1036 1940 1139 1980 rex
1176 1917 1293 2000 ipse
1347 1917 1615 1978 hortator

247 1999 448 2059 aderat
466 2045 486 2074 ‚
509 2001 574 2060 ὃς
597 1997 955 2060 Cretensium
978 2000 1278 2060 auxiliares
1306 2000 1519 2060 multos
1540 2018 1614 2058 ex

247 2077 564 2160 improviso
605 2080 982 2140 vulnerabant
997 2123 1019 2153 ,
1053 2079 1298 2141 conferti
1340 2099 1618 2161 praepara·

249 2161 410 2240 ti'que
451 2161 512 2218 in
561 2156 838 2240 dispersos
887 2161 952 2221 &
1009 2158 1217 2221 effusos
1275 2177 1615 2242 pugnantes-

247 2237 439 2318 Qubd
473 2237 517 2299 si
537 2240 782 2302 modum
807 2243 866 2299 in
890 2240 1245 2322 insequendo
1269 2239 1614 2313 habuissent,

247 2341 374 2380 non
396 2321 458 2378 in
472 2318 762 2400 praesentis
785 2321 968 2381 modb
989 2323 1313 2382 certaminis
1338 2320 1578 2402 gloriam
1595 2364 1618 2393 ,

251 2397 360 2459 sed
391 2401 454 2459 in
486 2397 765 2460 summam
803 2403 974 2460 etiam
1007 2401 1147 2460 belli
1180 2399 1501 2483 profestum
1525 2399 1617 2458 fo-

253 2496 348 2541 ret
377 2501 564 2540 :nunc
588 2523 607 2552 ‚
639 2479 906 2541 aviditate
950 2481 1120 2540 caedis
1151 2482 1617 2564 intemperantius

253 2558 534 2632 insecuti,
573 2561 633 2618 in
669 2557 994 2642 praegreffas
1030 2581 1163 2621 cum
1197 2561 1431 2622 tribunis
1472 2561 1617 2622 mili·

255 2659 382 2702 tum
423 2641 694 2701 cohortes
741 2639 1031 2701 Romanas
1075 2641 1327 2702 incidere
1374 2664 1393 2714 ;
1430 2643 1495 2702 δι
1535 2639 1621 2700 fu-

253 2723 418 2806 giens
450 2741 627 2802 eques
649 2766 669 2796 ‚
703 2737 767 2780 ut
785 2723 984 2860 ‘prime
1007 2721 1046 2782 fi
1087 2744 1161 2782 na
1182 2721 1415 2784 suorum
1436 2720 1618 2792 vidit,

255 2803 545 2864 convertit
575 2803 637 2860 in
671 2801 784 2862 effu
808 2824 906 2862 um
939 2803 1019 2862 ho
1072 2823 1167 2862 em
1211 2824 1392 2884 equos
1424 2823 1445 2874 3
1480 2821 1621 2861 ver-

248 2879 421 2970 ,saque
437 2899 738 2947 momento
755 2885 1033 2966 temporis
1050 2883 1280 2972 fortuna
1291 2900 1495 2975 pugnae
1515 2878 1628 2958 est,

1214 2961 1269 3036 C
1321 2983 1381 3042 ¹¹1
