2004 3691
511 246 649 321 334
899 226 1511 297 Ίὶιινιι

287 374 482 395 ---
499 341 695 403 media
722 338 846 403 fere
883 342 944 402 in
985 342 1109 403 acie
1138 340 1568 403 consistebant:

286 430 488 523 Eg·{⁶··
504 444 639 483 curn
659 423 840 483 tribus
877 422 1163 485 summurn
1196 425 1487 506 equitibus
1508 468 1531 498 ,
1558 425 1715 483 inter
1800 444 1855 483 os

379 506 394 523 ⁰
419 493 486 533 ‘¹²‘
501 504 841 586 plerumque
883 502 1281 565 Alexamenus
1330 520 1454 564 erat
1481 548 1500 578 ‚
1545 521 1685 564 ante
1762 524 1853 587 gna

497 582 831 645 veffabatur
852 629 873 658 ‚
900 606 1116 646 cornua
1158 601 1418 646 extrema
1464 583 1717 646 invisens
1752 608 1767 645 :
1801 587 1848 643 in

497 662 708 726 dextro
741 686 922 727 cornu
941 665 1122 725 AEtoli
1159 681 1320 726 erant
1339 710 1360 740 ,
1397 666 1463 727 &
1497 667 1599 747 qui
1617 666 1751 725 ante
1768 684 1849 723 au·

493 746 720 805 ziliares
752 748 985 827 tyranni
1031 744 1293 819 fuerant,
1324 746 1392 807 &
1422 748 1548 827 qui
1587 760 1847 805 venerant

491 826 654 886 mille
685 846 820 887 cum
837 825 1223 886 Alexameno.
1246 825 1488 887 Fecerat
1510 824 1615 886 fibi
1641 836 1845 887 morem

496 906 920 980 Alexamenus,
951 928 1099 967 nunc
1122 926 1255 967 cum
1276 925 1535 987 tyranno
1560 908 1703 965 inter
1718 928 1845 987 pau·

496 1006 602 1049 cos
667 987 900 1048 ordines
955 988 1350 1048 circumeundi
1383 1031 1404 1061 ,
1470 988 1841 1068 monendique

497 1087 670 1142 eum,
707 1089 838 1150 quae
875 1069 935 1128 in
967 1086 1094 1129 rem
1132 1066 1243 1129 effe
1274 1068 1623 1130 videbantur
1656 1088 1677 1142 3
1703 1088 1841 1127 nunc

497 1149 559 1209 in
594 1148 860 1210 dextrum
895 1168 1075 1210 cornu
1126 1149 1202 1209 ad
1255 1147 1389 1210 suos
1438 1148 1549 1209 ade
1628 1148 1835 1219 itandi3

496 1249 638 1291 mox
673 1230 808 1291 inde
828 1274 849 1303 ‚
876 1230 1041 1291 velut
1071 1231 1355 1311 imperato
1374 1274 1395 1304 ,
1431 1250 1552 1311 quo
1627 1249 1709 1290 res
1733 1250 1835 1310 po-

491 1308 757 1390 posciffet
775 1354 796 1384 ,
819 1309 1135 1392 recipiendi
1171 1309 1228 1370 se
1264 1310 1337 1371 ad
1359 1328 1687 1391 tyrannum.
1703 1308 1831 1383 Sed,

490 1409 668 1471 quem
701 1389 859 1451 diem
895 1389 1172 1471 patrando
1193 1388 1431 1452 facinori
1466 1390 1747 1465 statuerat,
1766 1410 1827 1449 eo

491 1468 776 1550 paulisper
810 1491 944 1531 curn
971 1487 1225 1551 tyranno
1248 1470 1507 1533 vectatus
1528 1516 1549 1546 ,
1664 1492 1752 1531 um
1768 1468 1839 1529 ad*

493 1545 624 1611 suos
663 1548 1011 1615 cfieffiffet
1030 1594 1049 1623 ‚
1078 1568 1204 1611 tum
1241 1552 1531 1634 equitibus
1670 1552 1827 1613 domo

493 1628 685 1693 secum
719 1630 892 1693 missis
913 1676 932 1706 ,
964 1633 1203 1714 Agenda
1226 1676 1246 1707 ,
1276 1634 1495 1715 inquit,
1528 1655 1607 1702 res
1638 1634 1739 1727 est,
1752 1629 1829 1712 ju·

493 1735 690 1787 venes,
727 1714 1082 1794 audendaque
1102 1758 1127 1785 ,
1162 1735 1329 1794 quam
1361 1736 1444 1773 me
1474 1717 1605 1774 duce
1636 1736 1704 1773 tm
1740 1713 1828 1794 igr&
1907 1780 1908 1785 ἵ

491 1793 710 1876 exsequi
724 1792 855 1875 juffi
881 1796 1015 1877 estis.
1043 1797 1247 1856 Parate
1268 1796 1484 1856 animos
1510 1799 1663 1856 dextr·
1710 1812 1826 1874 qm,
1907 1794 1908 1797 ’

491 1897 564 1936 ne
629 1879 718 1936 uis
749 1879 808 1936 iu
841 1897 902 1936 eo
927 1921 950 1947 ,
987 1879 1139 1955 quod
1169 1894 1253 1936 me
1287 1878 1489 1938 viderie
1514 1874 1786 1956 fhcientem
1803 1917 1825 1944 ‚

491 1899 659 2036 ceffgr.
695 1959 812 2036 Qui
844 1961 1119 2016 cunei-uus
1152 1955 1323 2038 fieerit
1337 2002 1364 2030 ,
1404 1957 1461 2018 6·
1484 1956 1641 2035 suum
1671 1955 1827 2033 confi-

493 2037 629 2096 lium
668 2059 782 2096 meo
823 2040 934 2097 inte
995 2055 1120 2098 onec
1137 2081 1161 2108 ,
1183 2035 1332 2115 scias
1357 2039 1468 2118 fibi
1514 2040 1718 2098 reditum
1751 2036 1825 2093 ad

479 2134 709 2197 penates
739 2139 852 2178 non
878 2140 907 2176 e
950 2141 994 2178 e.
1032 2112 1261 2180 Horror
1288 2115 1526 2180 οιιιιᾶοε
1560 2119 1736 2200 cepit:
1762 2116 1819 2176 &

487 2199 864 2258 meminerant
885 2243 906 2272 ‚
953 2217 1086 2258 curn
1174 2198 1339 2260 uibus
1384 2199 1662 2260 mandatis
1694 2193 1819 2256 exis·-
1905 2203 1906 2208 ’

487 2271 632 2340 sent.
649 2277 984 2359 ·Tyrannus
1024 2277 1097 2338 ab
1166 2301 1297 2341 aevo
1344 2301 1529 2340 cornu
1565 2277 1817 2342 veniebat.

485 2357 711 2420 Ponere
745 2357 927 2420 hastas
963 2362 1183 2441 equites
1212 2359 1599 2421 Alexamenus
1640 2356 1812 2439 jubet,

489 2440 554 2498 &
577 2439 633 2499 se
672 2443 877 2502 intueri
908 2464 922 2504 ε
952 2441 1173 2522 colligit
1196 2439 1405 2522 &ipse
1429 2443 1674 2502 animum
1694 2457 1815 2498 con-

483 2515 673 2580 fusum
707 2537 874 2580 tantae
900 2524 1248 2604 cogitatione
1280 2524 1383 2582 rei.
1421 2521 1711 2604 Postquam
1732 2539 1813 2600 ap-

481 2600 936 2681 propinquabat,
951 2604 1232 2683 impetum
1252 2599 1419 2676 facit,
1442 2604 1546 2675 &-‚
1570 2597 1809 2662 transfixo

481 2697 634 2760 equo
653 2723 672 2752 ‚
701 2697 1016 2761 tyrannum
1040 2682 1319 2744 deturbat.
1358 2683 1649 2744 Jaeentem
1679 2681 1811 2762 equi-

477 2776 565 2821 tes
609 2760 947 2822 confodiunt
976 2785 991 2822 ε
1027 2764 1221 2824 multis
1260 2761 1463 2825 frustra
1498 2765 1559 2824 in
1600 2763 1809 2822 loricam

474 2838 678 2904 ifflbus
697 2843 840 2908 datis
862 2888 884 2920 ,
897 2841 1139 2908 tandem
1159 2845 1219 2908 in
1246 2845 1470 2928 nudum
1482 2863 1693 2929 corpus
1704 2839 1817 2910 vul-r·
