2004 3691
491 282 860 355 LIBER
959 283 1411 355 XXXIV.
1502 283 1639 378 269

262 389 506 478 ingenio
549 403 733 482 gentis
753 445 773 475 ,
805 422 916 462 nec
952 403 1217 476 comitia,
1249 421 1357 462 nec
1385 419 1642 461 conven-

258 491 396 537 tum
415 522 436 552 ,
478 501 584 540 nec
623 482 937 544 concilium
969 483 1153 545 ullum
1172 529 1193 558 ‚
1216 503 1337 542 non
1372 501 1477 561 per
1498 479 1640 542 sedi-

263 557 494 619 tionem
513 584 579 621 ac
607 564 918 624 tumultum
939 609 958 638 ,
980 562 1099 643 jam
1128 563 1262 624 inde
1291 584 1324 622 a
1355 563 1639 643 principio

249 637 347 697 ‘ad
377 639 631 702 nostram
660 642 838 725 usque
869 661 1097 706 aetatem
1122 690 1142 720 ,
1170 644 1551 706 traducentes.
1577 641 1639 702 A

267 718 442 781 censu
469 726 720 784 maxime
758 726 824 786 &
867 723 1126 786 senatum
1168 727 1233 790 &
1283 722 1507 804 judices
1554 721 1641 782 le-

253 801 354 880 'git
390 823 410 874 ;
487 807 953 888 otentioremque
991 826 1124 866 eam
1160 822 1381 888 partem
1434 804 1642 864 civita-

268 895 400 939 tum
463 886 630 960 ecit„
651 888 744 946 cui
778 884 932 946 salva
973 885 1389 968 tranquillaque
1442 884 1641 945 omnia

270 965 452 1103 mags
481 963 592 1024 effe
632 966 992 1048 expediebat.
1480 993 1485 1000 ·

429 1044 477 1105 1.
500 1043 586 1105 Ita
609 1067 788 1128 quum
825 1043 1227 1131 percensuisset
1248 1043 1597 1106 Thessaliam
1615 1086 1639 1118 ‚

267 1142 377 1204 per
415 1123 656 1207 Epirum
686 1127 933 1190 Oricum
954 1173 976 1203 ,
1009 1128 1163 1189 unde
1204 1145 1324 1188 erat
1366 1124 1637 1204 trajessu-

267 1225 407 1279 ηις,
430 1209 611 1268 venit.
652 1208 748 1270 Ab
781 1207 966 1270 Orico
1001 1215 1187 1350 cOXiae
1220 1228 1425 1269 ornnes
1461 1206 1637 1268 Brun·

1660 424 1859 460 ΕΞ

1662 480 1859 528 [Le-558.

1656 529 1861 590 &0³:343

1682 1232 1837 1289 Quintil

272 1281 479 1347 disium
511 1287 904 1371 transportata
942 1310 958 1350 :
998 1291 1059 1349 in
1102 1311 1135 1349 e
1170 1309 1275 1370 per
1302 1305 1486 1350 totam
1524 1285 1636 1348 Ita-
1660 1296 1795 1321 ‘'¹⁸⁴⁸'‘

272 1363 411 1426 liam
442 1367 518 1427 ad
558 1369 761 1431 urbem
800 1372 984 1452 prope
1020 1370 1433 1452 triumphantes
1458 1415 1479 1444 ,
1514 1390 1637 1430 non

270 1450 546 1508 minorea
585 1452 736 1512 mine
759 1472 948 1511 rerum
965 1473 1033 1511 ca
1074 1451 1479 1533 tarum‚quam
1497 1448 1640 1525 sue,

269 1547 392 1610 pra}
420 1527 478 1589 se
511 1551 544 1588 a
598 1552 636 1591 ο
658 1573 677 1604 ,
707 1550 1011 1593 venerunt.
1093 1529 1355 1611 ostquam
1384 1529 1639 1592 Romam

274 1625 522 1669 ventum
551 1609 632 1672 est
651 1655 671 1685 ,
707 1612 928 1674 senatus
957 1610 1359 1689 extralurbem
1385 1611 1639 1690 Quintio

275 1689 351 1750 ad
372 1709 461 1750 res
485 1690 668 1774 gestas
693 1693 1071 1754 edifferendas
1095 1691 1255 1751 datus
1287 1689 1369 1751 est
1395 1713 1414 1764 3
1435 1692 1639 1752 trium-

271 1769 530 1912 &busque
575 1777 806 1836 meritus
857 1775 928 1835 ab
968 1771 1298 1834 lubentibus
1352 1771 1640 1835 decretus.

335 1853 562 1914 riduum
595 1856 969 1939 triumphavit
997 1878 1014 1916 t
1050 1855 1143 1915 die
1190 1854 1379 1936 primo
1435 1874 1592 1913 arma
1613 1896 1636 1926 ,

269 1932 425 2007 tela,
463 1932 614 2017 signa
657 1958 728 1997 ue
769 1958 917 1999 aerea
953 1937 1021 1997 δι
1058 1954 1379 1998 marmorea
1411 1932 1642 1995 transtu-

272 2013 341 2073 lit
356 2056 376 2085 ,
396 2013 558 2095 plura
586 1958 853 2099 Ptinilippo
877 2018 1177 2096 adempta,
1211 2013 1384 2098 quam
1410 2036 1539 2096 quae
1564 2035 1639 2075 ex

271 2095 600 2155 civitatibus
648 2114 876 2179 ceperat
916 2118 930 2157 ι
978 2096 1231 2158 secundo
1290 2096 1385 2157 die
1439 2116 1640 2156 aurum

273 2192 688 2257 argentumque
707 2222 727 2250 ,
772 2177 982 2239 facium
1020 2174 1407 2257 infe&umque
1462 2178 1528 2237 &
1568 2174 1640 2234 si-

276 2269 529 2339 gnatum.
569 2255 768 2319 Infeffi
801 2260 1022 2341 argenti
1052 2256 1159 2317 fuit
1188 2257 1391 2317 decem
1416 2257 1481 2315 &
1505 2254 1636 2315 0610

275 2335 456 2396 millia
526 2338 686 2399 ondo
709 2384 731 2411 ,
771 2340 836 2401 &
875 2338 1123 2399 ducenta
1151 2336 1503 2418 septuaginta
1532 2334 1641 2395 fac·

269 2418 317 2477 ti
349 2439 364 2477 ι
398 2438 472 2477 va
497 2440 528 2477 a
561 2419 741 2481 multa
780 2421 967 2481 omnis
996 2419 1217 2501 generis
1236 2461 1257 2490 ,
1290 2415 1486 2476 caelata
1520 2415 1639 2496 ple·

275 2519 491 2579 taque,
520 2500 781 2581 quaedam
821 2502 1049 2561 eximiae
1081 2500 1214 2560 artis
1244 2518 1259 2557 t
1306 2498 1371 2569 &
1416 2516 1487 2555 ex
1523 2516 1638 2557 aere

275 2580 460 2639 multa
483 2577 787 2641 fabrefa8a
817 2602 837 2654 ;
872 2580 948 2642 ad
979 2580 1093 2641 hoc
1128 2579 1340 2661 clypea
1371 2585 1642 2660 argentea

277 2660 508 2719 decem.
549 2658 758 2743 Signati
802 2664 1016 2743 argenti
1062 2660 1350 2742 ofioginta
1397 2675 1641 2740 quatuor

275 2740 460 2800 millia
491 2738 651 2803 fuere
670 2741 1000 2803 Atticorum
1024 2764 1045 2817 3
1079 2739 1492 2803 tetradrachma
1527 2760 1641 2796 vo-

273 2836 409 2883 cant
439 2840 452 2879 ε
486 2822 732 2903 quatuor
761 2821 882 2883 fere
921 2822 1287 2883 denariorum
1318 2822 1377 2880 in
1411 2816 1639 2897 fingulis

265 2902 496 2995 ⁴argenti
541 2900 623 2967 est
659 2904 908 2989 pondus,
943 2902 1091 2968 Auri
1136 2896 1493 3042 pmffiqfust
1538 2898 1643 2959 tria

1316 2998 1405 3059 ,ιη

1653 1334 1773 1384 phus-
