2004 3691
343 289 491 372 '²24
640 255 656 262 ’
736 283 814 352 T.
907 285 1437 354 Ltrtlt.

131 427 333 459 ιιι-ιι
431 396 598 460 XVI.
629 395 772 460 Tria
802 419 878 460 eo
909 399 1005 460 die
1036 399 1335 460 laudabilia
1368 395 1564 460 fecisse
1612 405 1736 482 pao*

134 480 332 572 23:35⁷:
350 495 498 540 tatur
529 501 550 554 3
587 499 768 540 unum
791 523 811 554 ,
839 481 998 575 quod
1022 525 1042 556 ,
1076 479 1465 541 circumduflo
1501 483 1729 541 exerci-
1760 533 1777 538 -

267 543 310 584 ⁹⁵
349 559 986 702 }¹¹;„{'2‘{f;¹¹}„¹²332¹313
1028 559 1562 702 {aff
1592 561 1721 700 „²:2¹2

469 707 474 712 .
1328 684 1348 715 2

351 662 484 788 <Eos
518 718 710 780 hostes
744 721 1015 802 proelium
1044 719 1330 781 commifit
1361 741 1384 796 ;
1425 720 1720 795 alterum,

353 800 515 882 quod
547 800 814 860 cohortes
847 802 920 861 ab
947 818 1037 861 ter
1149 801 1406 862 hostibus
1440 798 1668 880 objecit
1705 820 1725 874 3

351 882 624 955 tertium,
651 881 812 962 quod
841 879 1013 942 secun
1088 902 1151 941 m
1185 882 1471 963 legionem
1494 924 1514 952 ,
1555 897 1731 940 eete-

354 963 434 1020 ris
466 958 958 1022 omnibus·effufis
987 961 1063 1021 ad
1108 959 1429 1043 sequendos
1474 959 1681 1021 hostes
1698 1003 1720 1033 ‚

351 1041 533 1123 pleno
552 1041 730 1123 gradu
751 1039 850 1102 sub
871 1039 1041 1124 signis
1064 1039 1441 1123 compositam
1485 1038 1727 1100 instruc·-

354 1139 476 1182 tam
557 1143 590 1182 e
626 1120 810 1182 subire
842 1122 917 1182 ad
985 1139 1171 1182 ortam
1209 1119 1531 1183 castrorum·
1548 1117 1725 1202 juffit.

356 1201 504 1264 Nihi
559 1203 767 1268 deinde
799 1224 834 1261 a
861 1203 923 1264 vi
977 1205 1099 1262 oria
1140 1200 1407 1264 cefl'atum
1444 1225 1459 1262 z
1502 1221 1687 1282 quum
1706 1245 1731 1275 ‚

358 1284 618 1362 receptui
651 1280 810 1365 {igno
857 1282 992 1344 dato
1014 1329 1034 1359 ‚
1072 1281 1203 1344 suos
1247 1281 1441 1364 spoliis
1480 1280 1735 1342 onustos

361 1364 422 1422 in
459 1361 636 1423 castra
661 1361 966 1425 reduxisset
987 1409 1009 1438 ‚
1039 1364 1235 1444 paucis
1258 1363 1415 1424 horis
1438 1361 1735 1424 noffis-ad

361 1444 618 1522 quietem
638 1442 782 1503 datis
799 1487 818 1516 ,
855 1443 928 1503 ad
957 1443 1329 1525 praedandum
1346 1445 1593 1525 in-agros
1624 1441 1741 1502 du-

362 1524 464 1582 xit.
493 1521 732 1584 Effufihs
751 1567 772 1597 ,
790 1540 854 1584 ut
871 1522 1069 1605 spat-fis
1090 1521 1349 1584 hostibus
1375 1522 1511 1606 fuga
1527 1567 1548 1596 ,
1569 1543 1743 1605 prae-

367 1603 484 1662 dati
518 1601 642 1663 sunt
669 1625 688 1676 3
726 1625 851 1685 quae
884 1625 975 1664 res
1014 1625 1133 1664 non
1168 1605 1353 1664 minus
1372 1648 1392 1678 ,
1426 1602 1597 1684 quam
1622 1623 1737 1684 pu-

183 1702 349 1766 ffispanz
369 1704 479 1766 gna
548 1683 690 1744 ridie
717 1682 986 1758 adversa,
1011 1684 1414 1766 Emporitanos
1434 1682 1739 1772 Hispanos

141 1755 260 1844 ᾗῇ,
279 1755 344 1793 ‘st’
367 1785 506 1826 acco
531 1762 698 1847 asque
731 1785 936 1825 eorum
983 1767 1046 1824 in
1091 1765 1445 1835 deditionem
1482 1785 1617 1824 com
1665 1785 1740 1823 u-

367 1845 434 1907 lit
474 1868 490 1906 τ
522 1847 689 1907 multi
727 1847 792 1907 &
827 1845 1061 1907 aliarum
1093 1847 1422 1921 civitatum,
1454 1849 1554 1929 qui
1589 1785 1741 1905 ἔτη·-

367 1928 560 2010 porias
591 1926 996 2009 perfugerant,
1038 1926 1384 1987 dediderunt
1416 1925 1475 1987 se
1508 1949 1529 2001 3
1576 1944 1739 2006 quos
1798 1995 1806 2001 ,

369 2026 573 2067 omnes
594 2050 615 2080 ,
661 2007 977 2087 appellatos
1023 2007 1157 2067 beni
1238 2008 1271 2065 ὲ
1294 2051 1314 2079 ,
1352 2008 1608 2087 vinoque
1662 2007 1769 2081 &-

369 2087 500 2147 cibo
538 2103 765 2146 curatos
798 2132 818 2159 ,
873 2086 1083 2147 domos
1134 2027 1358 2147 dgigifit.
1406 2082 1741 2147 Confestim

373 2166 508 2235 inde
547 2164 722 2235 castra
753 2169 942 2233 movit
971 2190 990 2241 3
1026 2170 1093 2229 δε
1109 2212 1129 2240 ,
1170 2185 1529 2248 quacumque
1570 2167 1741 2223 inee-

372 2245 546 2307 debat
577 2266 783 2329 agmen
801 2291 822 2318 ,
858 2246 1030 2329 legati
1077 2247 1411 2307 dedentium
1470 2246 1740 2312 civitates

370 2326 496 2399 suas
536 2327 908 2390 occurrebant
943 2349 961 2401 3
1005 2328 1071 2389 &
1114 2347 1291 2409 quum
1334 2324 1741 2385 Tarraconem

373 2410 536 2469 venit
555 2450 577 2480 ‚
606 2405 722 2487 jam
751 2409 936 2473 omnis
962 2408 1043 2467 cis
1063 2406 1293 2470 Iberum
1316 2404 1589 2487 Hispania
1606 2427 1743 2487 per·-

377 2488 596 2549 domita
632 2506 751 2549 erat
773 2534 792 2562 ,
817 2490 1140 2569 captivique
1174 2488 1238 2553 &
1256 2487 1542 2561 Romani,
1568 2488 1635 2547 &
1654 2484 1745 2547 so-

376 2568 531 2628 cium
573 2588 638 2627 ac
671 2566 858 2631 Latini
892 2571 1138 2629 nominis
1157 2611 1176 2640 ,
1213 2570 1383 2628 variis
1418 2566 1638 2626 casibus
1674 2568 1739 2628 in

377 2646 650 2730 Hispania
672 2646 955 2729 oppreffis,
982 2648 1201 2709 donum
1223 2646 1439 2709 consuli
1473 2669 1507 2706 a
1528 2648 1743 2707 barba-
1870 2665 1877 2670 ·

377 2731 454 2788 ris
485 2728 918 2789 reducebantur.
959 2728 1137 2789 Fama
1176 2728 1383 2788 deinde
1427 2728 1697 2810 vulgatur
1720 2774 1743 2803 ‚

378 2806 672 2877 consulem
706 2810 766 2867 in
800 2808 1209 2885 Turdetaniam
1250 2809 1565 2867 exercitum
1599 2807 1743 2867 duc·-

377 2906 564 2954 turum
583 2933 603 2965 ,
643 2890 706 2957 &
739 2889 812 2953 ad
852 2888 1059 2955 devios
1098 2906 1401 2955 montanos
1446 2886 1748 2972 profefiuff
