2004 3691
455 290 548 363 24
846 269 921 341 T.
1018 271 1075 339 L
1119 289 1160 341 1
1214 288 1271 341 ν
1316 289 1357 339 ι
1404 290 1442 340 1

231 410 430 455 m
453 384 716 461 castella,
751 383 1051 468 Cypsela,
1088 386 1155 449 &
1184 383 1474 447 Doriscon
1508 428 1530 460 ‚
1574 386 1661 449 δι
1720 384 1913 449 Set*

227 468 1161 611 ³³2⁶·2222332312200322222ffi30
1232 464 1901 611 3⁰{22ffi2222d3523

453 628 723 692 dentibus
736 594 928 711 ’ipsis,
959 630 1196 710 recepit.
1298 628 1545 708 allipolis
1582 594 1887 711 quoque

452 712 523 775 &
559 708 844 791 Madytos
881 710 1120 784 dedita,
1166 709 1233 771 &
1282 708 1509 771 castella
1708 710 1888 773 dam.

273 801 429 851 Philip·
451 790 743 875 ignobilia.
775 790 1099 871 Abydeni,
1118 810 1191 849 ne
1220 788 1419 873 legatis
1448 790 1551 873 qui
1594 811 1709 851 em
1742 791 1887 851 ad·-

223 850 431 951 52²1}ss
455 868 630 935 miffis
652 916 672 947 ,
701 872 825 953 regi
871 889 1067 952 portas
1102 870 1421 931 clauserunt
1451 890 1467 931 :
1504 891 1581 931 ea
1630 892 1874 953 oppu-

224 950 314 989 *ἢ
453 954 647 1037 gnatio
687 952 786 1013 diu
812 950 992 1034 Philip
1036 972 1137 1011 um
1165 953 1345 1013 tenuit
1383 972 1403 1027 3
1440 954 1717 1033 eripique
1768 972 1861 1011 ex

449 1031 752 1097 obsidione
772 1076 794 1106 ,
832 1035 982 1093 nice
1028 1050 1185 1093 atum
1214 1033 1289 1093 ab
1314 1031 1513 1095 Attalo
1548 1033 1622 1095 δι
1658 1032 1861 1093 Rho-

452 1114 562 1175 diis
603 1113 758 1173 foret
786 1154 810 1186 ‚
857 1130 1186 1194 potuerunt.
1245 1112 1467 1175 Attalus
1522 1129 1853 1175 trecentos

448 1196 670 1255 tantum
703 1194 914 1253 milites
941 1194 1002 1253 in
1035 1191 1394 1275 praesidium,
1424 1192 1645 1255 Rhodii
1728 1216 1853 1255 ua·-

451 1272 766 1335 driremem
793 1293 975 1333 unam
1001 1294 1075 1335 ex
1114 1271 1277 1334 claffe
1297 1316 1318 1348 ,
1354 1294 1531 1355 quum
1572 1274 1653 1335 ad
1768 1296 1849 1337 e-

449 1353 674 1443 nedum·
700 1350 870 1449 staret
889 1400 908 1428 ‚
931 1352 1203 1415 miserunt
1241 1376 1257 1414 ε
1296 1354 1509 1449 eodeni
1553 1352 1769 1436 postea
1810 1399 1847 1427 ‚

449 1432 1839 1617 §gszffizzzffizteffzffffdfgam2235

446 1612 578 1657 tum
610 1594 804 1655 auxilii
830 1615 904 1655 ex
931 1597 1258 1676 propinquo
1286 1594 1535 1657 ostendit
1566 1638 1589 1672 ,
1621 1616 1835 1679 neque

449 1674 604 1741 terra
616 1720 639 1747 ,
671 1695 862 1758 neque
893 1677 1035 1735 mari
1064 1673 1271 1755 adjutis
1300 1674 1487 1737 sociis-

530 1754 724 1817 XVII.
773 1755 871 1817 Ab
921 1757 1058 1816 deni
1096 1757 1285 1838 primo
1307 1801 1328 1831 ,
1360 1758 1665 1818 tormentis
1710 1777 1825 1839 per

449 1860 648 1900 muros
677 1835 772 1898 dis
803 1859 842 1896 o
888 1839 960 1896 tis
973 1880 994 1910 ,
1019 1858 1139 1898 non
1158 1837 1311 1898 terr2
1328 1838 1512 1900 modo
1534 1838 1815 1900 adeuntes

449 1917 612 1980 aditu
649 1938 776 1978 arce
819 1935 954 1991 ant,
983 1915 1083 1979 sed
1134 1920 1371 1980 navium
1418 1940 1659 2006 quoque
1694 1917 1821 1982 sta·-

449 2002 674 2062 tiouem
705 1996 966 2058 infestam
1000 1995 1151 2058 hosti
1190 1997 1477 2060 faciebant
1508 2021 1527 2062 t
1566 1998 1766 2082 postea
1784 2045 1813 2076 ,

449 2099 632 2162 quum
657 2079 723 2138 δι
757 2082 904 2138 muri
925 2099 1053 2159 pars
1086 2077 1255 2140 strata
1288 2081 1463 2140 ruinis
1486 2123 1507 2154 ,
1538 2081 1603 2142 &
1622 2079 1697 2141 ad
1713 2085 1809 2142 in-

449 2162 726 2220 teriorem
761 2161 974 2241 raptim
1008 2157 1339 2241 oppositum
1380 2181 1609 2222 murum
1644 2163 1807 2222 cuni-

449 2239 592 2302 culis
618 2238 736 2320 jam
765 2257 1120 2322 perventum
1152 2236 1288 2300 ess'et
1305 2283 1325 2312 ‚
1355 2240 1575 2323 legatos
1606 2241 1681 2302 ad
1708 2261 1803 2304 re-

487 2342 584 2384 em
613 2321 686 2380 de
723 2320 1151 2380 conditionibus
1178 2321 1473 2382 tradendae
1502 2321 1652 2382 urbis
1690 2325 1805 2384 mi·

476 2419 659 2465 erunt.
688 2399 1120 2463 paciscebantur
1152 2418 1349 2462 autem
1366 2447 1387 2478 ,
1420 2419 1485 2463 ut
1516 2401 1798 2466 Rhodiam

453 2484 876 2562 quadriremem
908 2504 1041 2544 cum
1066 2479 1231 2544 sociis
1274 2482 1569 2544 navalibus
1586 2525 1605 2556 ‚
1634 2481 1797 2546 Atta·-

452 2564 493 2622 li
537 2582 608 2622 ue
641 2561 966 2642 praesidium
997 2564 1181 2622 emitti
1217 2562 1455 2637 liceret3
1479 2582 1643 2644 atque
1663 2563 1791 2646 ipsis

448 2664 516 2704 ur
560 2663 592 2701 e
643 2642 925 2704 excedere
984 2661 1119 2704 cum
1159 2640 1389 2725 singulis
1432 2642 1788 2707 vestimentis.

281 2750 437 2802 mya-
453 2720 690 2802 Quibus
723 2743 900 2804 quum
938 2722 1231 2804 Philippus
1269 2723 1410 2784 nihil
1488 2728 1656 2798 acati,
1682 2725 1785 2794 ,nifi

287 2814 426 2890 “3311
450 2805 648 2866 omnia
678 2803 1133 2886 permittentibus
1156 2847 1177 2877 ,
1218 2803 1423 2886 respon
1466 2803 1587 2866 iss'et
1606 2828 1626 2881 3
1647 2807 1785 2868 adeo

285 2867 308 2894 '
441 2887 774 2961 renuntiata
801 2884 924 2956 hac
951 2885 1164 2976 legatio
1200 2886 1273 2956 ab
1310 2886 1683 2969 indignatione
1708 2886 1782 3030 ΓΞ

1670 2987 1727 3032 m
