<?xml version="1.0" encoding="UTF-8"?>
<!DOCTYPE html PUBLIC "-//W3C//DTD XHTML 1.0 Transitional//EN"
    "http://www.w3.org/TR/xhtml1/DTD/xhtml1-transitional.dtd">
<html xmlns="http://www.w3.org/1999/xhtml" xml:lang="en" lang="en">
 <head>
  <title>
</title>
<meta http-equiv="Content-Type" content="text/html;charset=utf-8" />
  <meta name='ocr-system' content='tesseract 3.04.00' />
  <meta name='ocr-capabilities' content='ocr_page ocr_carea ocr_par ocr_line ocrx_word'/>
</head>
<body>
  <div class='ocr_page' id='page_1' title='image "./titiliviipatavi01lallgoog_0287.png"; bbox 0 0 2004 3691; ppageno 0'>
   <div class='ocr_carea' id='block_1_1' title="bbox 461 285 1599 378">
    <p class='ocr_par' dir='ltr' id='par_1_1' title="bbox 461 285 1599 378">
     <span class='ocr_line' id='line_1_1' title="bbox 461 285 1599 378; baseline 0.001 -24"><span class='ocrx_word' id='word_1_1' title='bbox 461 285 833 358; x_wconf 60' lang='lat' dir='ltr'>leztt</span> <span class='ocrx_word' id='word_1_2' title='bbox 933 287 1381 360; x_wconf 85' lang='lat' dir='ltr'><em>XXXIV.</em></span> <span class='ocrx_word' id='word_1_3' title='bbox 1468 297 1599 378; x_wconf 81' lang='lat'>&#39;271</span> 
     </span>
    </p>
   </div>
   <div class='ocr_carea' id='block_1_2' title="bbox 207 395 1881 3055">
    <p class='ocr_par' dir='ltr' id='par_1_2' title="bbox 207 395 1825 488">
     <span class='ocr_line' id='line_1_2' title="bbox 207 395 1825 488; baseline -0.001 -29"><span class='ocrx_word' id='word_1_4' title='bbox 207 395 364 461; x_wconf 63' lang='lat' dir='ltr'>ante</span> <span class='ocrx_word' id='word_1_5' title='bbox 409 419 486 462; x_wconf 78' lang='lat' dir='ltr'>ex</span> <span class='ocrx_word' id='word_1_6' title='bbox 519 404 833 466; x_wconf 88' lang='lat' dir='ltr'>multaticio</span> <span class='ocrx_word' id='word_1_7' title='bbox 874 421 1114 488; x_wconf 86' lang='lat' dir='ltr'>argento</span> <span class='ocrx_word' id='word_1_8' title='bbox 1150 402 1476 464; x_wconf 83' lang='lat' dir='ltr'>faciendam</span> <span class='ocrx_word' id='word_1_9' title='bbox 1516 402 1607 462; x_wconf 85' lang='lat' dir='ltr'>lo·</span> <span class='ocrx_word' id='word_1_10' title='bbox 1631 423 1825 457; x_wconf 59' lang='lat' dir='ltr'>azz-</span> 
     </span>
    </p>

    <p class='ocr_par' dir='ltr' id='par_1_3' title="bbox 209 479 1830 646">
     <span class='ocr_line' id='line_1_3' title="bbox 209 479 1830 572; baseline 0.001 -31"><span class='ocrx_word' id='word_1_11' title='bbox 209 499 428 544; x_wconf 80' lang='lat' dir='ltr'>carant</span> <span class='ocrx_word' id='word_1_12' title='bbox 451 527 470 558; x_wconf 91' lang='lat'><strong>‚</strong></span> <span class='ocrx_word' id='word_1_13' title='bbox 508 483 582 548; x_wconf 90' lang='lat' dir='ltr'><strong>C.</strong></span> <span class='ocrx_word' id='word_1_14' title='bbox 615 481 945 546; x_wconf 83' lang='lat' dir='ltr'>Scribonius</span> <span class='ocrx_word' id='word_1_15' title='bbox 997 487 1064 546; x_wconf 73' lang='grc' dir='ltr'>δι</span> <span class='ocrx_word' id='word_1_16' title='bbox 1104 481 1218 545; x_wconf 89' lang='lat' dir='ltr'>Cn.</span> <span class='ocrx_word' id='word_1_17' title='bbox 1255 483 1554 546; x_wconf 85' lang='lat' dir='ltr'>Domitius</span> <span class='ocrx_word' id='word_1_18' title='bbox 1585 479 1830 572; x_wconf 53' lang='lat'><strong>33‘52358‘.</strong></span> 
     </span>
     <span class='ocr_line' id='line_1_4' title="bbox 269 565 1606 646; baseline 0.001 -24"><span class='ocrx_word' id='word_1_19' title='bbox 269 565 333 623; x_wconf 90' lang='lat' dir='ltr'>ui</span> <span class='ocrx_word' id='word_1_20' title='bbox 349 581 564 646; x_wconf 82' lang='lat' dir='ltr'>praetor</span> <span class='ocrx_word' id='word_1_21' title='bbox 579 567 826 627; x_wconf 86' lang='lat' dir='ltr'>urbanus</span> <span class='ocrx_word' id='word_1_22' title='bbox 845 587 978 626; x_wconf 86' lang='lat' dir='ltr'>eam</span> <span class='ocrx_word' id='word_1_23' title='bbox 998 566 1309 627; x_wconf 84' lang='lat' dir='ltr'>dedicavit.</span> <span class='ocrx_word' id='word_1_24' title='bbox 1326 565 1401 626; x_wconf 89' lang='lat' dir='ltr'>Et</span> <span class='ocrx_word' id='word_1_25' title='bbox 1417 565 1606 625; x_wconf 78' lang='lat' dir='ltr'>aedem</span> 
     </span>
    </p>

    <p class='ocr_par' dir='ltr' id='par_1_4' title="bbox 213 645 1609 732">
     <span class='ocr_line' id='line_1_5' title="bbox 213 645 1609 732; baseline 0.001 -28"><span class='ocrx_word' id='word_1_26' title='bbox 213 671 222 676; x_wconf 96' lang='lat'>·</span> <span class='ocrx_word' id='word_1_27' title='bbox 277 662 505 707; x_wconf 85' lang='lat' dir='ltr'>ortunae</span> <span class='ocrx_word' id='word_1_28' title='bbox 525 646 883 732; x_wconf 69' lang='lat' dir='ltr'>Primigeniae</span> <span class='ocrx_word' id='word_1_29' title='bbox 907 650 966 706; x_wconf 90' lang='lat' dir='ltr'>in</span> <span class='ocrx_word' id='word_1_30' title='bbox 1004 648 1154 708; x_wconf 91' lang='lat' dir='ltr'>colle</span> <span class='ocrx_word' id='word_1_31' title='bbox 1190 645 1481 726; x_wconf 82' lang='lat' dir='ltr'>Quirinali</span> <span class='ocrx_word' id='word_1_32' title='bbox 1505 646 1609 706; x_wconf 83' lang='lat' dir='ltr'>de·</span> 
     </span>
    </p>

    <p class='ocr_par' dir='ltr' id='par_1_5' title="bbox 219 723 1607 807">
     <span class='ocr_line' id='line_1_6' title="bbox 219 723 1607 807; baseline 0.001 -23"><span class='ocrx_word' id='word_1_33' title='bbox 219 723 453 788; x_wconf 85' lang='lat' dir='ltr'>dicavit</span> <span class='ocrx_word' id='word_1_34' title='bbox 481 726 567 807; x_wconf 86' lang='lat' dir='ltr'><strong>Q.</strong></span> <span class='ocrx_word' id='word_1_35' title='bbox 602 729 857 790; x_wconf 86' lang='lat' dir='ltr'>Marcius</span> <span class='ocrx_word' id='word_1_36' title='bbox 889 728 1055 789; x_wconf 89' lang='lat' dir='ltr'>Ralla</span> <span class='ocrx_word' id='word_1_37' title='bbox 1075 771 1094 802; x_wconf 88' lang='lat'><strong>,</strong></span> <span class='ocrx_word' id='word_1_38' title='bbox 1132 729 1405 788; x_wconf 86' lang='lat' dir='ltr'>duumvir</span> <span class='ocrx_word' id='word_1_39' title='bbox 1434 727 1505 786; x_wconf 87' lang='lat' dir='ltr'>ad</span> <span class='ocrx_word' id='word_1_40' title='bbox 1545 726 1607 786; x_wconf 87' lang='lat' dir='ltr'>id</span> 
     </span>
    </p>

    <p class='ocr_par' dir='ltr' id='par_1_6' title="bbox 221 804 1605 887">
     <span class='ocr_line' id='line_1_7' title="bbox 221 804 1605 887; baseline 0.001 -23"><span class='ocrx_word' id='word_1_41' title='bbox 221 804 422 887; x_wconf 83' lang='lat' dir='ltr'>ipsum</span> <span class='ocrx_word' id='word_1_42' title='bbox 455 828 678 872; x_wconf 85' lang='lat' dir='ltr'>creatus</span> <span class='ocrx_word' id='word_1_43' title='bbox 707 827 997 871; x_wconf 82' lang='lat' dir='ltr'>:voverat</span> <span class='ocrx_word' id='word_1_44' title='bbox 1034 829 1161 870; x_wconf 78' lang='lat' dir='ltr'>eam</span> <span class='ocrx_word' id='word_1_45' title='bbox 1202 809 1412 869; x_wconf 89' lang='lat' dir='ltr'>decem</span> <span class='ocrx_word' id='word_1_46' title='bbox 1444 810 1605 868; x_wconf 89' lang='lat' dir='ltr'>annis</span> 
     </span>
    </p>

    <p class='ocr_par' dir='ltr' id='par_1_7' title="bbox 227 887 1604 972">
     <span class='ocr_line' id='line_1_8' title="bbox 227 887 1604 972; baseline 0.004 -28"><span class='ocrx_word' id='word_1_47' title='bbox 227 889 368 948; x_wconf 71' lang='lat' dir='ltr'>ante</span> <span class='ocrx_word' id='word_1_48' title='bbox 398 887 618 952; x_wconf 88' lang='lat' dir='ltr'>Punico</span> <span class='ocrx_word' id='word_1_49' title='bbox 645 891 803 952; x_wconf 89' lang='lat' dir='ltr'>bello</span> <span class='ocrx_word' id='word_1_50' title='bbox 827 889 893 950; x_wconf 90' lang='lat' dir='ltr'>P.</span> <span class='ocrx_word' id='word_1_51' title='bbox 917 889 1291 972; x_wconf 85' lang='lat' dir='ltr'>Sempronius</span> <span class='ocrx_word' id='word_1_52' title='bbox 1326 889 1553 972; x_wconf 88' lang='lat' dir='ltr'>Sophus</span> <span class='ocrx_word' id='word_1_53' title='bbox 1580 908 1604 963; x_wconf 89' lang='lat'>;</span> 
     </span>
    </p>

    <p class='ocr_par' dir='ltr' id='par_1_8' title="bbox 227 967 1605 1033">
     <span class='ocr_line' id='line_1_9' title="bbox 227 967 1605 1033; baseline 0.003 -7"><span class='ocrx_word' id='word_1_54' title='bbox 227 967 530 1032; x_wconf 88' lang='lat' dir='ltr'>locaverat</span> <span class='ocrx_word' id='word_1_55' title='bbox 558 973 716 1032; x_wconf 88' lang='lat' dir='ltr'>idem</span> <span class='ocrx_word' id='word_1_56' title='bbox 760 971 979 1033; x_wconf 83' lang='lat' dir='ltr'>censor.</span> <span class='ocrx_word' id='word_1_57' title='bbox 1016 971 1089 1032; x_wconf 90' lang='lat' dir='ltr'>Et</span> <span class='ocrx_word' id='word_1_58' title='bbox 1125 974 1184 1030; x_wconf 87' lang='lat' dir='ltr'>in</span> <span class='ocrx_word' id='word_1_59' title='bbox 1226 970 1402 1031; x_wconf 83' lang='lat' dir='ltr'>insula</span> <span class='ocrx_word' id='word_1_60' title='bbox 1440 971 1605 1032; x_wconf 82' lang='lat' dir='ltr'>Jovis</span> 
     </span>
    </p>

    <p class='ocr_par' dir='ltr' id='par_1_9' title="bbox 224 1049 1603 1113">
     <span class='ocr_line' id='line_1_10' title="bbox 224 1049 1603 1113; baseline 0.001 -5"><span class='ocrx_word' id='word_1_61' title='bbox 224 1049 426 1110; x_wconf 79' lang='lat' dir='ltr'>aedem</span> <span class='ocrx_word' id='word_1_62' title='bbox 472 1049 545 1113; x_wconf 89' lang='lat' dir='ltr'>C.</span> <span class='ocrx_word' id='word_1_63' title='bbox 595 1049 870 1113; x_wconf 85' lang='lat' dir='ltr'>Servilius</span> <span class='ocrx_word' id='word_1_64' title='bbox 928 1052 1200 1112; x_wconf 82' lang='lat' dir='ltr'>duumvir</span> <span class='ocrx_word' id='word_1_65' title='bbox 1260 1051 1553 1112; x_wconf 86' lang='lat' dir='ltr'>dedicavit</span> <span class='ocrx_word' id='word_1_66' title='bbox 1584 1071 1603 1110; x_wconf 76' lang='lat' dir='ltr'><em>z</em></span> 
     </span>
    </p>

    <p class='ocr_par' dir='ltr' id='par_1_10' title="bbox 225 1129 1603 1196">
     <span class='ocr_line' id='line_1_11' title="bbox 225 1129 1603 1196; baseline -0.001 -5"><span class='ocrx_word' id='word_1_67' title='bbox 225 1145 376 1192; x_wconf 63' lang='lat' dir='ltr'>vota</span> <span class='ocrx_word' id='word_1_68' title='bbox 413 1149 534 1193; x_wconf 88' lang='lat' dir='ltr'>erat</span> <span class='ocrx_word' id='word_1_69' title='bbox 571 1130 669 1194; x_wconf 86' lang='lat' dir='ltr'>sex</span> <span class='ocrx_word' id='word_1_70' title='bbox 701 1135 861 1194; x_wconf 89' lang='lat' dir='ltr'>annis</span> <span class='ocrx_word' id='word_1_71' title='bbox 903 1135 1034 1196; x_wconf 67' lang='lat' dir='ltr'>ante</span> <span class='ocrx_word' id='word_1_72' title='bbox 1066 1130 1299 1194; x_wconf 86' lang='lat' dir='ltr'>Gallico</span> <span class='ocrx_word' id='word_1_73' title='bbox 1333 1131 1492 1192; x_wconf 90' lang='lat' dir='ltr'>bello</span> <span class='ocrx_word' id='word_1_74' title='bbox 1531 1129 1603 1190; x_wconf 91' lang='lat' dir='ltr'>ab</span> 
     </span>
    </p>

    <p class='ocr_par' dir='ltr' id='par_1_11' title="bbox 219 1209 1604 1297">
     <span class='ocr_line' id='line_1_12' title="bbox 219 1209 1604 1297; baseline -0.001 -24"><span class='ocrx_word' id='word_1_75' title='bbox 219 1209 302 1273; x_wconf 83' lang='lat' dir='ltr'><strong>L.</strong></span> <span class='ocrx_word' id='word_1_76' title='bbox 331 1211 507 1275; x_wconf 85' lang='lat' dir='ltr'>Furio</span> <span class='ocrx_word' id='word_1_77' title='bbox 543 1213 656 1274; x_wconf 88' lang='lat' dir='ltr'>Pur</span> <span class='ocrx_word' id='word_1_78' title='bbox 741 1235 918 1275; x_wconf 86' lang='lat' dir='ltr'>reone</span> <span class='ocrx_word' id='word_1_79' title='bbox 952 1231 1239 1297; x_wconf 80' lang='lat' dir='ltr'>praetore3</span> <span class='ocrx_word' id='word_1_80' title='bbox 1270 1213 1342 1274; x_wconf 86' lang='lat' dir='ltr'>ab</span> <span class='ocrx_word' id='word_1_81' title='bbox 1388 1211 1604 1274; x_wconf 84' lang='lat' dir='ltr'>eodem</span> 
     </span>
    </p>

    <p class='ocr_par' dir='ltr' id='par_1_12' title="bbox 229 1291 1604 1374">
     <span class='ocr_line' id='line_1_13' title="bbox 229 1291 1604 1374; baseline 0.001 -21"><span class='ocrx_word' id='word_1_82' title='bbox 229 1291 437 1374; x_wconf 87' lang='lat' dir='ltr'>postea</span> <span class='ocrx_word' id='word_1_83' title='bbox 475 1293 649 1356; x_wconf 88' lang='lat' dir='ltr'>consu</span> <span class='ocrx_word' id='word_1_84' title='bbox 675 1317 706 1355; x_wconf 90' lang='lat' dir='ltr'>e</span> <span class='ocrx_word' id='word_1_85' title='bbox 743 1295 946 1356; x_wconf 84' lang='lat' dir='ltr'>locata.</span> <span class='ocrx_word' id='word_1_86' title='bbox 984 1296 1129 1356; x_wconf 85' lang='lat' dir='ltr'>Haec</span> <span class='ocrx_word' id='word_1_87' title='bbox 1167 1315 1241 1354; x_wconf 88' lang='lat' dir='ltr'>eo</span> <span class='ocrx_word' id='word_1_88' title='bbox 1270 1315 1424 1355; x_wconf 86' lang='lat' dir='ltr'>anno</span> <span class='ocrx_word' id='word_1_89' title='bbox 1463 1291 1604 1368; x_wconf 62' lang='lat' dir='ltr'>acia.</span> 
     </span>
    </p>

    <p class='ocr_par' dir='ltr' id='par_1_13' title="bbox 225 1372 1881 3055">
     <span class='ocr_line' id='line_1_14' title="bbox 315 1372 1783 1458; baseline 0 -22"><span class='ocrx_word' id='word_1_90' title='bbox 315 1373 471 1436; x_wconf 87' lang='lat' dir='ltr'><strong>LIV.</strong></span> <span class='ocrx_word' id='word_1_91' title='bbox 507 1375 568 1439; x_wconf 88' lang='lat' dir='ltr'>P.</span> <span class='ocrx_word' id='word_1_92' title='bbox 605 1373 802 1458; x_wconf 88' lang='lat' dir='ltr'>Scipio</span> <span class='ocrx_word' id='word_1_93' title='bbox 839 1397 913 1436; x_wconf 81' lang='lat' dir='ltr'>ex</span> <span class='ocrx_word' id='word_1_94' title='bbox 963 1378 1264 1458; x_wconf 78' lang='lat' dir='ltr'>provincia</span> <span class='ocrx_word' id='word_1_95' title='bbox 1296 1374 1494 1438; x_wconf 85' lang='lat' dir='ltr'>Gallia</span> <span class='ocrx_word' id='word_1_96' title='bbox 1529 1372 1605 1436; x_wconf 79' lang='lat' dir='ltr'>a&#39;d</span> <span class='ocrx_word' id='word_1_97' title='bbox 1770 1411 1783 1424; x_wconf 84' lang='lat'><strong>·</strong></span> 
     </span>
     <span class='ocr_line' id='line_1_15' title="bbox 231 1453 1807 1540; baseline 0 -26"><span class='ocrx_word' id='word_1_98' title='bbox 231 1453 498 1516; x_wconf 87' lang='lat' dir='ltr'>consules</span> <span class='ocrx_word' id='word_1_99' title='bbox 529 1455 919 1540; x_wconf 86' lang='lat' dir='ltr'>subrogandos</span> <span class='ocrx_word' id='word_1_100' title='bbox 957 1459 1140 1520; x_wconf 83' lang='lat' dir='ltr'>venit.</span> <span class='ocrx_word' id='word_1_101' title='bbox 1178 1455 1435 1518; x_wconf 81' lang='lat' dir='ltr'>Comitia</span> <span class='ocrx_word' id='word_1_102' title='bbox 1465 1476 1605 1516; x_wconf 89' lang='lat' dir='ltr'>con·</span> <span class='ocrx_word' id='word_1_103' title='bbox 1627 1455 1807 1495; x_wconf 53' lang='lat' dir='ltr'>‘&#39;mm-</span> 
     </span>
     <span class='ocr_line' id='line_1_16' title="bbox 229 1533 1604 1620; baseline 0 -24"><span class='ocrx_word' id='word_1_104' title='bbox 229 1533 418 1597; x_wconf 80' lang='lat' dir='ltr'>sulum</span> <span class='ocrx_word' id='word_1_105' title='bbox 462 1535 622 1598; x_wconf 88' lang='lat' dir='ltr'>fuere</span> <span class='ocrx_word' id='word_1_106' title='bbox 643 1583 664 1612; x_wconf 88' lang='lat'>,</span> <span class='ocrx_word' id='word_1_107' title='bbox 700 1540 908 1620; x_wconf 85' lang='lat' dir='ltr'>quibus</span> <span class='ocrx_word' id='word_1_108' title='bbox 957 1540 1132 1600; x_wconf 85' lang='lat' dir='ltr'>creati</span> <span class='ocrx_word' id='word_1_109' title='bbox 1179 1537 1303 1600; x_wconf 88' lang='lat' dir='ltr'>sunt</span> <span class='ocrx_word' id='word_1_110' title='bbox 1346 1537 1413 1598; x_wconf 89' lang='lat' dir='ltr'>L.</span> <span class='ocrx_word' id='word_1_111' title='bbox 1452 1534 1604 1597; x_wconf 88' lang='lat' dir='ltr'>Cor-</span> 
     </span>
     <span class='ocr_line' id='line_1_17' title="bbox 229 1617 1603 1698; baseline 0 -20"><span class='ocrx_word' id='word_1_112' title='bbox 229 1618 418 1679; x_wconf 90' lang='lat' dir='ltr'>nelius</span> <span class='ocrx_word' id='word_1_113' title='bbox 459 1617 688 1680; x_wconf 86' lang='lat' dir='ltr'>Merula</span> <span class='ocrx_word' id='word_1_114' title='bbox 723 1620 788 1681; x_wconf 85' lang='lat'>&amp;</span> <span class='ocrx_word' id='word_1_115' title='bbox 829 1619 915 1698; x_wconf 85' lang='lat' dir='ltr'><strong>Q.</strong></span> <span class='ocrx_word' id='word_1_116' title='bbox 961 1619 1251 1679; x_wconf 80' lang='lat' dir='ltr'>Minucius</span> <span class='ocrx_word' id='word_1_117' title='bbox 1290 1617 1603 1680; x_wconf 82' lang='lat' dir='ltr'>Thermus.</span> 
     </span>
     <span class='ocr_line' id='line_1_18' title="bbox 231 1695 1609 1761; baseline -0.002 -1"><span class='ocrx_word' id='word_1_118' title='bbox 231 1697 470 1760; x_wconf 87' lang='lat' dir='ltr'>Postero</span> <span class='ocrx_word' id='word_1_119' title='bbox 502 1699 596 1760; x_wconf 83' lang='lat' dir='ltr'>die</span> <span class='ocrx_word' id='word_1_120' title='bbox 643 1702 815 1760; x_wconf 84' lang='lat' dir='ltr'>creati</span> <span class='ocrx_word' id='word_1_121' title='bbox 859 1699 985 1761; x_wconf 84' lang='lat' dir='ltr'>sunt</span> <span class='ocrx_word' id='word_1_122' title='bbox 1072 1717 1303 1760; x_wconf 83' lang='lat' dir='ltr'>raetores</span> <span class='ocrx_word' id='word_1_123' title='bbox 1340 1699 1406 1759; x_wconf 89' lang='lat' dir='ltr'>L.</span> <span class='ocrx_word' id='word_1_124' title='bbox 1456 1695 1609 1758; x_wconf 80' lang='lat' dir='ltr'>Cor-</span> 
     </span>
     <span class='ocr_line' id='line_1_19' title="bbox 228 1723 1605 1857; baseline -0.001 -17"><span class='ocrx_word' id='word_1_125' title='bbox 228 1780 418 1841; x_wconf 85' lang='lat' dir='ltr'>nelius</span> <span class='ocrx_word' id='word_1_126' title='bbox 436 1778 528 1842; x_wconf 88' lang='lat' dir='ltr'>Sci</span> <span class='ocrx_word' id='word_1_127' title='bbox 573 1783 663 1857; x_wconf 89' lang='lat' dir='ltr'>io,</span> <span class='ocrx_word' id='word_1_128' title='bbox 679 1780 767 1842; x_wconf 91' lang='lat' dir='ltr'>M.</span> <span class='ocrx_word' id='word_1_129' title='bbox 782 1723 1309 1843; x_wconf 45' lang='lat' dir='ltr'>Fulviussslobilior</span> <span class='ocrx_word' id='word_1_130' title='bbox 1325 1825 1346 1855; x_wconf 88' lang='lat'><strong>,</strong></span> <span class='ocrx_word' id='word_1_131' title='bbox 1363 1777 1435 1841; x_wconf 92' lang='lat' dir='ltr'><strong>C.</strong></span> <span class='ocrx_word' id='word_1_132' title='bbox 1456 1775 1605 1838; x_wconf 79' lang='lat' dir='ltr'>Scri-</span> 
     </span>
     <span class='ocr_line' id='line_1_20' title="bbox 228 1860 1599 1936; baseline -0.001 -15"><span class='ocrx_word' id='word_1_133' title='bbox 228 1862 441 1924; x_wconf 87' lang='lat' dir='ltr'>bonius</span> <span class='ocrx_word' id='word_1_134' title='bbox 464 1905 483 1936; x_wconf 90' lang='lat'>,</span> <span class='ocrx_word' id='word_1_135' title='bbox 592 1906 608 1923; x_wconf 93' lang='lat'><strong>.</strong></span> <span class='ocrx_word' id='word_1_136' title='bbox 639 1863 906 1923; x_wconf 81' lang='lat' dir='ltr'>Valerius</span> <span class='ocrx_word' id='word_1_137' title='bbox 939 1860 1235 1935; x_wconf 72' lang='lat' dir='ltr'>Mess&#39;alla5</span> <span class='ocrx_word' id='word_1_138' title='bbox 1274 1862 1340 1922; x_wconf 88' lang='lat' dir='ltr'>L.</span> <span class='ocrx_word' id='word_1_139' title='bbox 1364 1860 1599 1921; x_wconf 84' lang='lat' dir='ltr'>Porcius</span> 
     </span>
     <span class='ocr_line' id='line_1_21' title="bbox 231 1939 1804 2038; baseline -0.002 -35"><span class='ocrx_word' id='word_1_140' title='bbox 231 1943 503 2019; x_wconf 88' lang='lat' dir='ltr'>Licinus,</span> <span class='ocrx_word' id='word_1_141' title='bbox 540 1944 611 2005; x_wconf 69' lang='grc' dir='ltr'>δι’</span> <span class='ocrx_word' id='word_1_142' title='bbox 643 1942 716 2005; x_wconf 90' lang='lat' dir='ltr'><strong>C.</strong></span> <span class='ocrx_word' id='word_1_143' title='bbox 751 1944 1075 2006; x_wconf 87' lang='lat' dir='ltr'>Flaminius.</span> <span class='ocrx_word' id='word_1_144' title='bbox 1121 1939 1431 2027; x_wconf 74' lang='lat' dir='ltr'>Megalesia</span> <span class='ocrx_word' id='word_1_145' title='bbox 1460 1985 1479 2013; x_wconf 86' lang='lat'>‚</span> <span class='ocrx_word' id='word_1_146' title='bbox 1517 1942 1599 2001; x_wconf 89' lang='lat' dir='ltr'>lu·</span> <span class='ocrx_word' id='word_1_147' title='bbox 1622 1948 1804 2038; x_wconf 52' lang='lat' dir='ltr'>Rbus?</span> 
     </span>
     <span class='ocr_line' id='line_1_22' title="bbox 232 2013 1809 2099; baseline -0.003 -14"><span class='ocrx_word' id='word_1_148' title='bbox 232 2025 341 2086; x_wconf 84' lang='lat' dir='ltr'>dos</span> <span class='ocrx_word' id='word_1_149' title='bbox 376 2023 669 2099; x_wconf 87' lang='lat' dir='ltr'>scenicos,</span> <span class='ocrx_word' id='word_1_150' title='bbox 695 2021 770 2084; x_wconf 90' lang='lat' dir='ltr'><strong>C.</strong></span> <span class='ocrx_word' id='word_1_151' title='bbox 797 2025 1011 2086; x_wconf 87' lang='lat' dir='ltr'>Atilius</span> <span class='ocrx_word' id='word_1_152' title='bbox 1038 2024 1341 2098; x_wconf 85' lang='lat' dir='ltr'>Serranus,</span> <span class='ocrx_word' id='word_1_153' title='bbox 1362 2023 1428 2085; x_wconf 91' lang='lat' dir='ltr'>L.</span> <span class='ocrx_word' id='word_1_154' title='bbox 1453 2022 1598 2083; x_wconf 88' lang='lat' dir='ltr'>Scri·</span> <span class='ocrx_word' id='word_1_155' title='bbox 1624 2013 1809 2096; x_wconf 50' lang='lat' dir='ltr'>1253}ss</span> 
     </span>
     <span class='ocr_line' id='line_1_23' title="bbox 225 2094 1823 2189; baseline -0.001 -24"><span class='ocrx_word' id='word_1_156' title='bbox 225 2106 439 2166; x_wconf 82' lang='lat' dir='ltr'>bonius</span> <span class='ocrx_word' id='word_1_157' title='bbox 472 2104 622 2173; x_wconf 84' lang='lat' dir='ltr'>Libo</span> <span class='ocrx_word' id='word_1_158' title='bbox 646 2106 843 2166; x_wconf 83' lang='lat' dir='ltr'>aediles</span> <span class='ocrx_word' id='word_1_159' title='bbox 863 2106 1086 2166; x_wconf 87' lang='lat' dir='ltr'>curules</span> <span class='ocrx_word' id='word_1_160' title='bbox 1121 2108 1290 2188; x_wconf 70' lang='lat' dir='ltr'>primi</span> <span class='ocrx_word' id='word_1_161' title='bbox 1318 2104 1593 2165; x_wconf 86' lang='lat' dir='ltr'>fecerunt.</span> <span class='ocrx_word' id='word_1_162' title='bbox 1620 2102 1733 2189; x_wconf 46' lang='lat' dir='ltr'>&#39;52⁸ss</span> <span class='ocrx_word' id='word_1_163' title='bbox 1750 2094 1823 2144; x_wconf 84' lang='lat' dir='ltr'>s‘&#39;</span> 
     </span>
     <span class='ocr_line' id='line_1_24' title="bbox 233 2182 1881 2267; baseline 0.001 -21"><span class='ocrx_word' id='word_1_164' title='bbox 233 2186 465 2247; x_wconf 88' lang='lat' dir='ltr'>Horum</span> <span class='ocrx_word' id='word_1_165' title='bbox 491 2186 744 2246; x_wconf 66' lang='lat' dir='ltr'>aedilium</span> <span class='ocrx_word' id='word_1_166' title='bbox 781 2187 952 2247; x_wconf 90' lang='lat' dir='ltr'>ludos</span> <span class='ocrx_word' id='word_1_167' title='bbox 993 2186 1294 2247; x_wconf 87' lang='lat' dir='ltr'>Romanos</span> <span class='ocrx_word' id='word_1_168' title='bbox 1348 2188 1598 2267; x_wconf 71' lang='lat' dir='ltr'>primum</span> <span class='ocrx_word' id='word_1_169' title='bbox 1618 2182 1757 2252; x_wconf 56' lang='lat' dir='ltr'>&#39;spu‘fct</span> <span class='ocrx_word' id='word_1_170' title='bbox 1782 2209 1809 2234; x_wconf 76' lang='lat'>⁸</span> <span class='ocrx_word' id='word_1_171' title='bbox 1874 2240 1881 2247; x_wconf 89' lang='lat'><strong>.</strong></span> 
     </span>
     <span class='ocr_line' id='line_1_25' title="bbox 233 2246 1803 2351; baseline -0.001 -24"><span class='ocrx_word' id='word_1_172' title='bbox 233 2264 455 2327; x_wconf 85' lang='lat' dir='ltr'>senatus</span> <span class='ocrx_word' id='word_1_173' title='bbox 495 2288 528 2326; x_wconf 87' lang='lat' dir='ltr'>a</span> <span class='ocrx_word' id='word_1_174' title='bbox 555 2268 778 2349; x_wconf 83' lang='lat' dir='ltr'>populo</span> <span class='ocrx_word' id='word_1_175' title='bbox 811 2267 1057 2329; x_wconf 83' lang='lat' dir='ltr'>secretus</span> <span class='ocrx_word' id='word_1_176' title='bbox 1093 2266 1399 2351; x_wconf 56' lang='lat' dir='ltr'>speciant,</span> <span class='ocrx_word' id='word_1_177' title='bbox 1450 2288 1597 2345; x_wconf 82' lang='lat' dir='ltr'>prae·</span> <span class='ocrx_word' id='word_1_178' title='bbox 1616 2246 1803 2350; x_wconf 55' lang='grc' dir='ltr'>Ϊῇξῗξί.</span> 
     </span>
     <span class='ocr_line' id='line_1_26' title="bbox 233 2345 1602 2429; baseline -0.001 -22"><span class='ocrx_word' id='word_1_179' title='bbox 233 2348 468 2428; x_wconf 88' lang='lat' dir='ltr'>buitque</span> <span class='ocrx_word' id='word_1_180' title='bbox 499 2346 789 2408; x_wconf 88' lang='lat' dir='ltr'>sermones</span> <span class='ocrx_word' id='word_1_181' title='bbox 823 2346 1014 2429; x_wconf 76' lang='lat' dir='ltr'>(sicut</span> <span class='ocrx_word' id='word_1_182' title='bbox 1033 2351 1222 2407; x_wconf 92' lang='lat' dir='ltr'>omnis</span> <span class='ocrx_word' id='word_1_183' title='bbox 1259 2348 1485 2407; x_wconf 82' lang='lat' dir='ltr'>novitas</span> <span class='ocrx_word' id='word_1_184' title='bbox 1518 2345 1602 2405; x_wconf 86' lang='lat' dir='ltr'>so·</span> 
     </span>
     <span class='ocr_line' id='line_1_27' title="bbox 231 2426 1605 2512; baseline -0.004 -23"><span class='ocrx_word' id='word_1_185' title='bbox 231 2426 353 2512; x_wconf 88' lang='lat' dir='ltr'>let)</span> <span class='ocrx_word' id='word_1_186' title='bbox 377 2428 495 2488; x_wconf 86' lang='lat' dir='ltr'>aliis</span> <span class='ocrx_word' id='word_1_187' title='bbox 517 2474 536 2503; x_wconf 93' lang='lat'>,</span> <span class='ocrx_word' id='word_1_188' title='bbox 572 2432 809 2490; x_wconf 83' lang='lat' dir='ltr'>Tandem</span> <span class='ocrx_word' id='word_1_189' title='bbox 828 2475 850 2502; x_wconf 88' lang='lat'>,</span> <span class='ocrx_word' id='word_1_190' title='bbox 882 2432 1033 2509; x_wconf 85' lang='lat' dir='ltr'>quod</span> <span class='ocrx_word' id='word_1_191' title='bbox 1056 2429 1223 2489; x_wconf 72' lang='lat' dir='ltr'>muln)</span> <span class='ocrx_word' id='word_1_192' title='bbox 1263 2428 1389 2487; x_wconf 64' lang='lat' dir='ltr'>ant&amp;</span> <span class='ocrx_word' id='word_1_193' title='bbox 1416 2426 1605 2485; x_wconf 81' lang='lat' dir='ltr'>debue-</span> 
     </span>
     <span class='ocr_line' id='line_1_28' title="bbox 225 2508 1601 2591; baseline -0.003 -20"><span class='ocrx_word' id='word_1_194' title='bbox 225 2511 338 2584; x_wconf 68' lang='lat' dir='ltr'>rit,</span> <span class='ocrx_word' id='word_1_195' title='bbox 371 2511 625 2570; x_wconf 76' lang='lat' dir='ltr'>tributum</span> <span class='ocrx_word' id='word_1_196' title='bbox 655 2508 1014 2570; x_wconf 87' lang='lat' dir='ltr'>censentibus</span> <span class='ocrx_word' id='word_1_197' title='bbox 1047 2508 1359 2591; x_wconf 78' lang='lat' dir='ltr'>ampltffimo</span> <span class='ocrx_word' id='word_1_198' title='bbox 1378 2508 1556 2567; x_wconf 76' lang='lat' dir='ltr'>ordini</span> <span class='ocrx_word' id='word_1_199' title='bbox 1571 2529 1601 2579; x_wconf 89' lang='lat'><em>;</em></span> 
     </span>
     <span class='ocr_line' id='line_1_29' title="bbox 235 2590 1617 2673; baseline -0.003 -21"><span class='ocrx_word' id='word_1_200' title='bbox 235 2592 356 2653; x_wconf 83' lang='lat' dir='ltr'>aliis</span> <span class='ocrx_word' id='word_1_201' title='bbox 386 2634 407 2663; x_wconf 92' lang='lat'>,</span> <span class='ocrx_word' id='word_1_202' title='bbox 444 2592 708 2670; x_wconf 83' lang='lat' dir='ltr'>demptum</span> <span class='ocrx_word' id='word_1_203' title='bbox 750 2612 818 2650; x_wconf 85' lang='lat' dir='ltr'>ex</span> <span class='ocrx_word' id='word_1_204' title='bbox 864 2592 1128 2673; x_wconf 79' lang='lat' dir='ltr'>dignitate</span> <span class='ocrx_word' id='word_1_205' title='bbox 1160 2591 1353 2673; x_wconf 84' lang='lat' dir='ltr'>populi</span> <span class='ocrx_word' id='word_1_206' title='bbox 1378 2634 1400 2661; x_wconf 86' lang='lat'>‚</span> <span class='ocrx_word' id='word_1_207' title='bbox 1448 2590 1617 2669; x_wconf 54' lang='lat' dir='ltr'>quid*</span> 
     </span>
     <span class='ocr_line' id='line_1_30' title="bbox 233 2666 1603 2755; baseline -0.004 -22"><span class='ocrx_word' id='word_1_208' title='bbox 233 2674 370 2755; x_wconf 81' lang='lat' dir='ltr'>quid</span> <span class='ocrx_word' id='word_1_209' title='bbox 397 2669 661 2753; x_wconf 79' lang='lat' dir='ltr'>majestati</span> <span class='ocrx_word' id='word_1_210' title='bbox 691 2672 918 2732; x_wconf 76' lang='lat' dir='ltr'>Paetum</span> <span class='ocrx_word' id='word_1_211' title='bbox 950 2670 1210 2753; x_wconf 66' lang='lat' dir='ltr'>adjeblum</span> <span class='ocrx_word' id='word_1_212' title='bbox 1246 2666 1367 2748; x_wconf 80' lang='lat' dir='ltr'>effit</span> <span class='ocrx_word' id='word_1_213' title='bbox 1382 2716 1405 2743; x_wconf 89' lang='lat'><em>,</em></span> <span class='ocrx_word' id='word_1_214' title='bbox 1435 2672 1603 2729; x_wconf 89' lang='lat' dir='ltr'>inter·</span> 
     </span>
     <span class='ocr_line' id='line_1_31' title="bbox 229 2751 1605 2837; baseline -0.003 -24"><span class='ocrx_word' id='word_1_215' title='bbox 229 2752 602 2837; x_wconf 76' lang='lat' dir='ltr'>pretantibuS.</span> <span class='ocrx_word' id='word_1_216' title='bbox 628 2754 710 2811; x_wconf 82' lang='lat' dir='ltr'>Et</span> <span class='ocrx_word' id='word_1_217' title='bbox 732 2754 914 2813; x_wconf 85' lang='lat' dir='ltr'>omnia</span> <span class='ocrx_word' id='word_1_218' title='bbox 941 2752 1248 2831; x_wconf 60' lang='lat' dir='ltr'>discrimina</span> <span class='ocrx_word' id='word_1_219' title='bbox 1278 2751 1418 2811; x_wconf 83' lang='lat' dir='ltr'>talia</span> <span class='ocrx_word' id='word_1_220' title='bbox 1437 2795 1456 2825; x_wconf 84' lang='lat'><strong>,</strong></span> <span class='ocrx_word' id='word_1_221' title='bbox 1488 2751 1605 2830; x_wconf 77' lang='lat' dir='ltr'>qui-</span> 
     </span>
     <span class='ocr_line' id='line_1_32' title="bbox 233 2830 1601 2911; baseline -0.004 -16"><span class='ocrx_word' id='word_1_222' title='bbox 233 2836 336 2895; x_wconf 81' lang='lat' dir='ltr'>bus</span> <span class='ocrx_word' id='word_1_223' title='bbox 367 2834 581 2893; x_wconf 81' lang='lat' dir='ltr'>ordines</span> <span class='ocrx_word' id='word_1_224' title='bbox 610 2831 1052 2911; x_wconf 68' lang='lat' dir='ltr'>dlftemerentur,</span> <span class='ocrx_word' id='word_1_225' title='bbox 1078 2834 1133 2894; x_wconf 71' lang='grc'>6·</span> <span class='ocrx_word' id='word_1_226' title='bbox 1170 2832 1461 2895; x_wconf 77' lang='lat' dir='ltr'>concordia:</span> <span class='ocrx_word' id='word_1_227' title='bbox 1482 2874 1505 2901; x_wconf 89' lang='lat'><em>,</em></span> <span class='ocrx_word' id='word_1_228' title='bbox 1545 2830 1601 2889; x_wconf 73' lang='grc'>6·</span> 
     </span>
     <span class='ocr_line' id='line_1_33' title="bbox 225 2912 1604 3055; baseline -0.005 -77"><span class='ocrx_word' id='word_1_229' title='bbox 225 2916 498 2978; x_wconf 52' lang='lat' dir='ltr'>&#39;bibemus</span> <span class='ocrx_word' id='word_1_230' title='bbox 525 2934 686 2997; x_wconf 81' lang='lat' dir='ltr'>aequae</span> <span class='ocrx_word' id='word_1_231' title='bbox 719 2914 1017 2978; x_wconf 76' lang='lat' dir='ltr'>minuenda</span> <span class='ocrx_word' id='word_1_232' title='bbox 1056 2912 1167 2997; x_wconf 86' lang='lat' dir='ltr'>effe.</span> <span class='ocrx_word' id='word_1_233' title='bbox 1194 2914 1317 3055; x_wconf 46' lang='grc' dir='ltr'>ἧι(</span> <span class='ocrx_word' id='word_1_234' title='bbox 1354 2913 1604 2993; x_wconf 76' lang='lat' dir='ltr'>quingen·</span> 
     </span>
    </p>

    <p class='ocr_par' dir='ltr' id='par_1_14' title="bbox 1302 3012 1364 3053">
     <span class='ocr_line' id='line_1_34' title="bbox 1302 3012 1364 3053; baseline 0.016 -1"><span class='ocrx_word' id='word_1_235' title='bbox 1302 3012 1364 3053; x_wconf 73' lang='lat' dir='ltr'>xv</span> 
     </span>
    </p>
   </div>
  </div>
 </body>
</html>
