2004 3691
710 494 791 577 E
864 492 948 577 P
1011 494 1073 580 J
1142 496 1220 579 T
1274 495 1355 579 O
1428 470 1549 577 M
1604 496 1691 578 E

589 677 880 749 LIBRI
961 676 1285 749 XXXV
1364 678 1813 751 LIVIANI.

520 822 627 937 ,Ρ
629 888 756 931 νε.
791 872 979 951 Scipio
1002 866 1312 951 Africanus
1344 869 1559 952 legatus
1583 871 1663 927 ad
1680 868 1880 929 Antio-
1943 886 1944 925 3

521 951 677 1011 chum
709 954 912 1032 Ephesi
946 944 1067 1011 cuin
1098 950 1383 1012 Annibale
1402 996 1425 1021 ,
1461 952 1557 1029 qui
1578 946 1640 1026 fi
1684 952 1882 1009 Antio-
1943 986 1944 991 κ

524 1033 624 1091 cho
639 1029 905 1111 junxerat
923 1074 943 1104 ‚
973 1033 1273 1092 collocutus
1305 1033 1374 1111 est
1392 1054 1419 1104 ‚·
1446 1050 1509 1091 ut
1524 1076 1543 1103 ‚
1553 1032 1741 1109 Jifien'
1758 1028 1878 1111 posl
1943 1094 1944 1111 χ

509 1110 624 1193 sit,
649 1130 841 1173 metum
867 1116 954 1185 ei,
979 1135 1133 1194 quem
1166 1134 1234 1171 ex
1258 1112 1469 1193 populo
1503 1115 1755 1172 Romano
1772 1132 1883 1171 con·

522 1212 727 1273 ceperat
744 1239 763 1265 ,
798 1196 1062 1253 eximeret.
1099 1192 1249 1253 Inter
1268 1194 1387 1251 alia
1422 1215 1583 1271 quum
1609 1210 1879 1271 quarem,

523 1296 675 1353 quem
698 1271 865 1355 fitiffi
899 1277 1195 1335 maximum
1228 1276 1593 1355 imperatorem
1633 1274 1879 1333 Annibal

523 1358 781 1427 crederet,
817 1353 1087 1435 respondit
1126 1376 1145 1416 .·
1177 1352 1575 1427 Alexandrum
1611 1352 1876 1412 Macedo-

523 1454 665 1493 num
695 1440 893 1517 regem
911 1480 930 1509 ,
953 1435 1116 1516 qubd
1146 1436 1323 1514 parva
1356 1456 1535 1494 manu
1572 1436 1872 1493 innumera·

521 1513 669 1575 biles
707 1518 985 1576 exercitus
1028 1512 1301 1588 fudisset3
1344 1512 1616 1595 qu6dque
1660 1514 1871 1573 ultimas

524 1617 652 1656 oras
672 1640 692 1669 ‚
729 1616 866 1679 quas
899 1594 1082 1656 visere
1107 1594 1268 1677 supra
1288 1594 1450 1676 spem
1474 1595 1779 1655 humanam
1800 1592 1873 1654 es·

527 1674 611 1736 set
633 1722 653 1750 ,
690 1674 1048 1759 peragrasset.
1074 1679 1347 1817 {umenti
1377 1678 1599 1750 deinde,
1622 1698 1773 1756 quem
1798 1673 1868 1753 se·

527 1758 760 1818 cundum
797 1776 1015 1838 poneret
1034 1802 1053 1831 ,
1134 1757 1378 1837 yrrhum
1402 1802 1423 1830 ‚
1453 1759 1637 1839 inquit
1652 1800 1672 1831 ,
1711 1756 1869 1817 castra
1943 1798 1944 1819 η

525 1841 730 1899 metari
753 1840 999 1920 primum
1027 1836 1275 1898 docuisse
1304 1860 1323 1912 ;
1352 1838 1423 1898 ad
1458 1838 1572 1899 hoc
1594 1839 1865 1898 neminem

527 1920 837 2001 elegantius
852 1919 980 1979 loca
997 1917 1207 2000 cepiffe
1228 1963 1249 1992 ,
1263 1917 1525 2000 praefidia
1544 1916 1866 2000 disposuisse.

525 1999 853 2080 Exfiquenti
867 2045 889 2072 ,
941 2022 1093 2081 quem
1146 2001 1352 2078 tcrti'um
1418 2002 1609 2059 diceret
1632 2045 1654 2072 ‚
1709 1999 1869 2059 semet

527 2083 548 2140 i
593 2079 713 2141 sum
761 2073 924 2141 dixit'.
970 2082 1175 2140 Ridens
1214 2081 1403 2160 Scipio
1422 2126 1445 2152 ,
1480 2078 1772 2159 Quidnam
1811 2097 1865 2138 tu

530 2103 750 2221 ‹ficeres
774 2204 794 2233 ,
831 2158 874 2219 fi
891 2181 992 2222 me
1009 2206 1028 2236 ,
1052 2162 1227 2240 inquit
1242 2202 1265 2231 ‚
1298 2158 1526 2236 viciffes
1551 2162 1573 2220 ἓ
1594 2159 1758 2221 Tunc
1778 2179 1865 2220 ve-

528 2243 637 2316 rb,
663 2243 880 2320 inquit,
909 2263 1007 2302 me
1052 2242 1118 2301 &
1165 2257 1295 2300 ante
1330 2239 1759 2315 Alexandrum,
1809 2241 1860 2300 &

531 2341 662 2385 ante
687 2317 1005 2403 Pyrrhum,
1037 2321 1101 2382 δι
1127 2339 1257 2381 ante
1288 2321 1429 2383 alios
1456 2319 1767 2403 posuiss'em.
1786 2321 1863 2380 In·

529 2423 608 2464 tet·
632 2422 799 2464 cetera
827 2397 1077 2484 prodigia
1096 2446 1135 2478 ,Ι
1158 2423 1275 2482 quae
1302 2404 1541 2482 plurima
1573 2401 1737 2483 fiuffe
1769 2420 1859 2460 tra-

528 2488 764 2556 duntur,
799 2485 983 2546 bovem
1022 2485 1119 2543 Cn.
1154 2485 1399 2543 Domitii
1448 2481 1681 2561 confidis
1726 2484 1858 2542 locu-

531 2583 678 2636 tum,
714 2563 904 2623 Roma
924 2607 943 2636 ,
981 2584 1122 2624 cave
1153 2563 1257 2622 tibi
1282 2609 1302 2638 ‚
1334 2561 1560 2643 refertur.
1594 2568 1860 2645 Apparant

531 2646 591 2704 in
628 2646 961 2704 Antiochum
987 2646 1180 2705 bellum
1218 2645 1474 2704 Romani.
1508 2646 1695 2704 Nabis
1714 2647 1857 2704 Lace·

527 2727 900 2784 daemoniorum
929 2743 1195 2806 tyrannus
1210 2769 1232 2796 ‚
1260 2726 1519 2784 incitatus
1540 2725 1610 2782 ab
1630 2725 1822 2787 AEtolis
1838 2769 1856 2798 ,

531 2807 625 2887 qui
655 2805 709 2864 δ’
737 2805 1054 2885 Philippum
1090 2805 1143 2864 δ’
1176 2806 1511 2865 Antiochum
1548 2807 1629 2864 ad
1670 2805 1861 2884 inferen-

470 2947 476 2963 ,
529 2889 658 2951 dum
690 2886 882 2950 bellum
911 2884 1123 2972 populo
1153 2889 1402 2950 Romano
1420 2883 1809 2982 spllt'citabam,
1829 2907 1861 2946 a
1940 2969 1945 2976 ὁ
