2004 3691
224 907 231 912 ὴ
287 787 379 870 T.
437 785 785 870 LJVJJ
840 785 1019 872 PA
1046 785 1533 872 TAVJNJ

216 959 1587 1096 HISTORIARUM

307 1171 468 1242 AB
539 1172 852 1240 URBE
928 1169 1491 1239 CONDITA

405 1333 866 1404 LIBER
987 1331 1403 1404 XXXI.

222 1535 276 1597 Ῑ.
409 1517 459 1593 ,ἦ
479 1549 516 1594 Ε
539 1537 780 1618 ‘quoque
805 1528 1005 1614 juvat,
1024 1531 1190 1594 velut
1206 1533 1331 1616 ipse
1354 1535 1414 1594 in
1438 1553 1595 1617 parte

224 1615 438 1676 laboris
483 1637 550 1676 ac
591 1616 828 1696 periculi
869 1614 1111 1688 fuerim,
1139 1613 1211 1674 ad
1252 1615 1429 1676 finem
1461 1605 1820 1696 bellifgffss}

224 1697 422 1758 Punici
443 1693 780 1776 pervenisse.
793 1695 949 1755 Nam
971 1691 1075 1755 ‘etsi
1098 1693 1356 1776 profiteri
1379 1697 1601 1772 ausum,

224 1775 436 1860 pei-scri
477 1793 666 1836 turum
692 1796 784 1836 res
813 1793 1017 1836 omnes
1040 1775 1362 1853 RomanaS,
1386 1781 1446 1837 in
1472 1801 1600 1859 par-

225 1854 378 1919 tibns
419 1798 652 1939 Knguli·s
693 1860 833 1918 tanti
873 1862 1065 1939 operis
1102 1856 1322 1941 fatigari
1360 1862 1595 1922 minime

224 1940 538 2000 conveniat
557 1958 576 2012 ;
598 1955 792 1999 tamen
823 1958 1002 2019 quum
1029 1942 1089 1997 in
1118 1944 1379 2000 mentem
1404 1943 1597 2016 venit,

228 2037 348 2081 tres
387 2020 453 2081 &
491 2018 775 2101 sexaginta
813 2040 993 2079 annos
1030 2018 1167 2100 (tot'
1200 2022 1353 2080 enim
1394 2019 1519 2081 sunt
1559 2042 1599 2081 a

226 2102 420 2182 primo
435 2099 650 2159 Punico
674 2100 746 2159 ad
769 2099 1079 2159 secundum
1100 2100 1317 2161 bellum
1340 2099 1593 2182 finitum)

227 2202 396 2263 aeque
421 2180 601 2239 multa
619 2180 917 2241 volumina·
935 2201 1078 2240 occu
1122 2178 1228 2241 asse
1248 2181 1407 2254 mihi,
1418 2182 1593 2263 quem

225 2264 561 2343 occuparint
605 2261 997 2343 quadringenti
1035 2201 1326 2343 ogoginta
1370 2262 1594 2341 septem

231 2344 367 2401 anni
397 2361 431 2400 a
459 2342 691 2401 condita
723 2340 865 2400 urbe
899 2341 971 2399 ad
994 2337 1253 2421 Appium
1283 2339 1593 2401 Claudium

227 2420 556 2493 consulem,
572 2420 666 2502 qui
691 2425 908 2512 primus
929 2421 1149 2480 bellum
1168 2420 1598 2503 Carthaginien-

233 2502 386 2563 fibus
426 2502 610 2562 intulit
643 2524 662 2576 ;
697 2524 815 2581 Jam
849 2501 1139 2583 provideo
1177 2504 1404 2575 anim0‚
1432 2502 1597 2563 velut

273 2586 333 2643 ni
365 2584 646 2663 proximis
676 2583 852 2641 littori
880 2582 1047 2641 vadis
1073 2581 1286 2641 indu-sti
1316 2603 1474 2643 mare
1504 2602 1601 2665 pe·

232 2606 400 2724 aibus
437 2662 869 2743 ingrediuntur,
906 2663 1185 2743 quidquid
1222 2664 1564 2744 progredior
1579 2678 1607 2736 ,“

231 2746 290 2803 in
314 2742 637 2805 vastiorem
663 2764 756 2801 me
786 2742 1143 2801 altitudinem
1158 2788 1177 2817 ‚
1197 2764 1259 2801 ac
1274 2744 1450 2803 'velut
1471 2764 1605 2823 pro-

230 2823 480 2885 fundum
495 2822 798 2898 invehi,&
817 2821 1069 2883 crescere
1090 2824 1603 2917 penetopuffiquod

229 2908 418 2989 prima
438 2924 688 2987 quaeque
709 2902 1063 2986 perficiendo
1082 2902 1603 3045 nunukviflebatur.
1727 2960 1730 2963 .

765 3008 770 3010 ,
1326 3006 1363 3065 ¹]
