2004 3691
491 238 856 311 Lmssn
957 242 1343 314 XXXV.
1458 262 1587 339 341

199 352 341 437 *ciis
380 354 809 437 magistratuum
857 356 1278 440 designatorum
1304 404 1325 433 ‚
1362 358 1481 441 qub
1512 360 1604 418 iu-
1623 356 1823 453 *Εἴ

236 437 524 497 tentiores
549 436 723 497 effent
741 458 944 499 omnes
962 483 981 512 ‚
1007 442 1200 521 agitari
1225 456 1482 520 coeptum
1497 436 1600 499 est.
1623 414 1821 513 Ηῗῑζῖςῖἶ

225 512 583 578 ·Decrevere
604 561 623 590 ,
663 536 726 577 ut
763 517 1089 579 consulibus
1124 519 1287 579 Italia
1312 563 1333 593 ,
1376 520 1441 580 &
1481 520 1601 600 qui>

207 610 212 613 “
242 592 469 657 senatus
500 596 793 659 censuisset
825 598 988 681 (jam
1012 597 1122 675 esse
1144 600 1365 661 bellum
1392 600 1605 659 adver-

245 676 342 737 sus
375 676 730 738 Antiochum
785 698 981 761 regem
1036 701 1241 741 omnes
1304 677 1607 759 sciebant)

240 759 557 835 provinciae
583 756 760 819 essent
789 782 806 820 z
837 758 996 840 cujus
1030 782 1100 821 ea
1131 759 1249 821 sors
1274 758 1443 835 esset,
1470 780 1607 840 qua·-

240 852 380 897 tuor
413 838 594 898 millia
625 839 883 919 peditum
919 843 1137 901 civium
1171 841 1605 915 Romanorum,

235 916 316 977 .&
338 919 580 977 trecenti
615 922 834 998 equites
856 930 890 995 ‚'
913 919 1009 981 sex
1048 922 1228 981 millia
1258 920 1475 990 socifim
1497 919 1611 979 La-

244 998 353 1055 tini
393 998 642 1058 nominis
674 1019 808 1058 cum
853 1002 1093 1082 quadrin
1134 1002 1279 1062 entis
1319 999 1608 1081 equitibus

242 1074 374 1137 sunt
404 1077 652 1138 decreta.
690 1077 910 1140 Eorum
950 1082 1079 1141 dele
1176 1102 1235 1141 m
1284 1080 1494 1139 habere
1536 1079 1609 1140 L.

237 1155 528 1235 ‚Quintius
567 1157 764 1219 consul
796 1158 966 1239 juffus
995 1182 1016 1234 3
1049 1182 1124 1222 ne
1170 1161 1311 1243 quid
1352 1176 1610 1219 morare-

245 1254 342 1297 tur
361 1282 382 1311 ,
420 1240 726 1319 quominus
750 1238 946 1301 consul
967 1262 1157 1301 novus
1181 1286 1200 1315 ‚
1238 1240 1355 1322 qub
1387 1239 1610 1299 senatus

249 1316 546 1379 censuisset
568 1362 588 1392 ,
611 1320 904 1402 extemplo
930 1320 1212 1403 proficisci
1233 1318 1435 1403 poss'et.
1456 1318 1607 1380 Item

246 1397 328 1459 de
349 1400 664 1481 provinciis
686 1417 994 1481 praetorum
1026 1403 1319 1462 decretum
1348 1399 1469 1475 est3
1494 1402 1611 1480 pri-

250 1500 351 1541 ma
387 1496 452 1539 ut
478 1478 596 1539 sors
624 1480 752 1539 duae
775 1526 794 1555 ‚
832 1482 1155 1565 urbanaque
1189 1486 1252 1543 &
1280 1484 1425 1541 inter
1444 1484 1607 1543 cives

246 1581 320 1637 ac
364 1562 694 1642 peregrinos
735 1557 1047 1639 jurisdiciio
1097 1560 1233 1622 ess'et
1267 1584 1287 1635 3
1321 1561 1564 1621 secunda
1584 1604 1607 1633 ‚

253 1639 460 1701 Bruttii
493 1662 514 1715 3
546 1642 748 1713 tertia,
779 1638 962 1701 claffis
980 1684 998 1713 ‚
1025 1658 1091 1702 ut
1117 1644 1411 1721 navigaret
1435 1684 1456 1711 ‚
1488 1642 1607 1719 qub

252 1718 475 1781 senatus
503 1718 798 1781 censuisset
830 1741 850 1795 3
921 1738 1120 1794 uarta,
1161 1720 1351 1781 Sicilia
1391 1742 1411 1793 3
1450 1721 1613 1801 quin-

250 1798 616 1876 ta,Sardinia
639 1823 658 1876 3
683 1800 872 1875 sexta,
956 1800 1166 1884 ispania
1196 1800 1473 1862 ulterior:
1504 1801 1615 1860 im·
1704 1814 1709 1821 ·

251 1899 516 1964 peratum
553 1887 827 1964 praeterea
849 1881 916 1944 L.
947 1881 1196 1962 Quintio
1242 1880 1457 1942 consuli
1491 1879 1573 1940 est
1594 1924 1614 1954 ,

255 1980 321 2022 ut
353 1962 494 2023 duas
527 1963 785 2057 legiones
817 1965 1034 2023 civium
1075 1962 1473 2025 Rornanorum
1505 1975 1616 2022 no-

189 2117 196 2122 ,
255 2065 361 2104 vas
391 2041 772 2104 conscnberet
803 2064 822 2117 3
858 2044 924 2105 &
942 2042 1159 2106 socium
1200 2065 1265 2104 ac
1303 2042 1488 2103 Latini
1505 2063 1616 2115 ⁴no-

255 2125 428 2186 minis
463 2123 668 2206 viginti
693 2124 868 2184 millia
896 2125 1155 2204 peditum
1173 2167 1192 2196 ‚
1232 2125 1297 2185 &
1328 2123 1617 2205 octingen-

259 2220 356 2264 tos
393 2206 612 2284 equites
643 2225 658 2264 ε
699 2223 832 2264 eum
871 2208 1182 2266 exercitum
1267 2206 1493 2277 rectori,
1526 2207 1617 2262 c'ui

178 2282 184 2286 ’
249 2283 466 2344 'Bruttii
513 2285 806 2364 provincia
861 2283 1131 2346 eveniss‘et
1151 2328 1174 2356 ,
1254 2299 1615 2344 ecreverunt.

259 2364 442 2425 AEdes
469 2363 594 2424 duae
627 2362 763 2424 Jovi
799 2385 872 2424 eo
903 2385 1057 2424 anno
1096 2365 1155 2421 in
1190 2361 1483 2444 Capitolio
1522 2361 1623 2420 de·

261 2445 463 2505 dicatae
506 2441 650 2504 sunt.
685 2440 948 2504 Voverat
981 2441 1053 2508 L.⁴
1084 2442 1283 2503 Furius
1326 2441 1619 2522 Purpureo

190 2586 200 2596 ,
306 2541 477 2586 raetor
508 2522 735 2586 Gallico
768 2524 926 2584 bello
960 2544 1133 2584 unam
1152 2565 1173 2596 ‚
1209 2523 1446 2584 alteram
1481 2543 1622 2594 con·

257 2547 344 2666 llil
383 2626 400 2664 ι
435 2603 722 2664 dedica‘vit
757 2603 843 2682 Q.
865 2603 1115 2666 Marcius
1149 2603 1313 2665 Ralla
1333 2601 1621 2664 duurrivir.

259 2685 486 2750 Judicia
523 2686 582 2744 in
611 2683 986 2745 foeneratores
1026 2705 1101 2746 eo
1142 2705 1293 2744 anno
1330 2683 1506 2744 multa
1533 2681 1622 2740 se-
1696 2687 1833 2732 Fan-

260 2766 406 2826 vere
438 2762 565 2824 sunt
591 2763 732 2824 facta
751 2809 770 2838 ‚
805 2764 1191 2827 accusantibus
1210 2767 1464 2846 privatos
1490 2761 1623 2820 aedi-
1646 2749 1847 2831 ᾟξᾞᾱ,

235 2846 414 2919 ,libus
459 2844 742 2908 curulibus
772 2883 813 2920 »-
838 2843 928 2908 M.
965 2843 1190 2909 Tuccio
1238 2843 1413 2987 3⁶1³·
1454 2841 1621 2908 Iunio

1323 2944 1383 3004 u]
