2004 3691
513 212 894 286 'LIBER
994 210 1351 285 XXXI.
1541 226 1631 305 39

232 325 617 413 colloquium
639 380 658 408 ‚
691 350 753 393 ut
788 330 926 393 fidei
951 330 1353 392 Romanorum
1380 328 1437 391 se
1464 350 1629 391 com·

245 413 596 487 mitterent,
623 414 906 496 perlicere
937 410 1021 473 est
1060 428 1335 479 conatus:
1376 412 1625 485 deinde,

253 489 367 551 ubi
399 514 494 554 ma
533 496 784 556 nitudine
807 515 876 556 ac
908 493 1198 554 moenibus
1221 491 1439 575 situque
1470 494 1627 555 urbis

251 564 437 647 freti,
479 514 622 636 <ficta
643 575 1114 657 aspernabantur,
1154 576 1217 635 vi
1246 590 1418 655 atque
1454 576 1630 635 armis⁴

253 653 494 715 adortus
515 699 535 729 ,
576 660 955 741 expugnavit,
1030 654 1413 739 uberibusque
1451 657 1631 715 inter-

251 731 419 795 feffls
439 779 458 809 ‚
491 738 688 817 praeda
725 740 885 800 omni
913 739 994 797 mi
1016 737 1186 797 itibus
1211 732 1471 797 concessa
1493 782 1513 811 ‚
1546 736 1633 795 di,-

252 816 375 874 ruit
393 838 594 878 muros
609 863 626 893 ‚
650 835 823 901 atq-ue
847 818 1052 879 urbem
1078 817 1351 879 incendit.
1378 816 1491 877 Hic
1512 837 1633 877 me·

199 934 208 941 -
250 912 348 955 tus
381 891 747 961 Codrionem
769 943 790 973 ,
825 898 953 959 satis
982 899 1241 961 validum
1259 900 1323 959 &
1342 901 1631 958 muni-tum

254 978 549 1059 oppidum
564 1026 587 1052 ,
613 979 732 1040 fine
757 981 1071 1041 certamine
1092 995 1154 1038 ut
1184 978 1491 1038 dederetur
1502 978 1636 1045 Ro·-

255 1060 446 1118 manis
466 1101 487 1131 ,
513 1058 720 1121 effecit.
754 1058 1023 1121 Praefidio
1070 1060 1153 1119 ibi
1204 1057 1407 1119 relicto
1425 1102 1445 1133 ‚
1483 1056 1635 1141 Ilion

261 1136 528 1221 (nomen
564 1158 807 1222 propter
832 1141 1071 1201 alteram
1110 1142 1171 1199 in
1209 1138 1348 1200 Afia
1382 1137 1587 1202 urbem
1614 1182 1639 1215 ,

188 1228 192 1233 “
264 1220 442 1302 quam
477 1223 797 1305 oppidum,
831 1219 1077 1303 notius)
1116 1221 1176 1283 vi
1222 1224 1463 1303 eapitur.
1508 1218 1635 1281 Re-

257 1318 589 1365 vertentem
636 1303 885 1385 legatum
920 1303 992 1364 ad
1034 1301 1331 1363 consulem
1366 1322 1499 1361 cum
1544 1299 1638 1361 sa·-

259 1386 335 1445 tis
364 1404 570 1467 magna
589 1384 783 1465 praeda
802 1430 823 1458 ‚
848 1382 1252 1466 Athenagoras
1279 1382 1511 1464 quidam
1533 1403 1635 1443 re·-

261 1466 387 1547 gius
426 1463 724 1546 praefeEius
757 1468 819 1525 in
863 1463 1101 1525 transitu
1147 1464 1393 1525 fluminis
1444 1484 1477 1524 a
1527 1485 1635 1525 no-

257 1544 488 1608 viffimo
523 1548 751 1629 agmine
783 1546 1017 1606 adortus
1038 1590 1057 1619 ,
1093 1542 1417 1626 postremos
1446 1545 1639 1611 turba-

261 1628 355 1688 vit
394 1648 410 1687 ι
451 1626 527 1686 ad
563 1646 823 1707 quorum¹
853 1626 1171 1687 clamorem
1206 1627 1272 1687 δι
1304 1626 1639 1707 trepidatio-

262 1725 407 1767 nem
433 1726 613 1789 quum
645 1706 909 1768 revectus
946 1726 1103 1789 equo
1180 1726 1388 1787 ropere
1412 1707 1638 1789 legatus

263 1786 424 1871 figna
451 1785 852 1862 convertisset,
875 1786 1119 1869 conjeffl
1144 1808 1257 1871 que
1290 1790 1351 1847 in
1374 1788 1639 1848 medium

260 1869 492 1935 sarcinis
525 1871 710 1930 aciem
731 1867 1017 1931 direxisset
1042 1891 1063 1944 ;
1090 1890 1211 1930 non
1240 1869 1423 1930 tulere
1445 1870 1640 1950 impe-

261 1968 395 2013 tum
419 1950 820 2012 Romanorum
851 1950 1101 2012 militum
1132 1951 1275 2032 regii
1306 1973 1321 2010 ε
1360 1950 1527 2010 multi
1560 1969 1637 2010 ex

265 2035 340 2092 iis
375 2031 582 2106 occifi,
622 2031 814 2114 plures
845 2035 1015 2114 capti.
1046 2031 1333 2113 Legatus‚
1356 2030 1635 2090 incolumi

265 2115 526 2175 exercitu
557 2111 792 2174 reducto
839 2113 914 2174 ad
953 2111 1247 2181 consulem
1268 2155 1292 2187 ‚
1328 2113 1641 2174 remittitur

263 2194 402 2256 inde
446 2193 738 2277 extemplo
765 2193 840 2254 ad
873 2192 1118 2256 claffern.

273 2297 278 2304 ·
351 2273 634 2336 XXVIII.
660 2273 788 2334 Hac
808 2275 842 2334 s
833 2277 937 2336 atis
954 2273 1111 2336 felici
1123 2273 1491 2355 expeditione
1507 2273 1637 2334 bel-

266 2355 336 2417 lo
375 2353 669 2414 commiss‘o
699 2399 718 2428 ,
755 2355 935 2436 reguli
977 2377 1046 2416 ac
1098 2357 1388 2436 principes
1426 2355 1640 2418 accolae

269 2433 676 2497 Macedonum
721 2435 780 2493 in
821 2433 998 2495 castra
1047 2434 1312 2496 Romana
1354 2437 1593 2496 veniunt
1613 2481 1639 2512 ‚

267 2517 566 2579 Pleuratus
589 2511 920 2576 Scerdilaedi
953 2514 1100 2581 fifius
1117 2560 1137 2588 ‚
1159 2517 1223 2580 ὃς
1247 2513 1639 2598 Amynander

269 2597 668 2660 Athamanum
705 2617 806 2657 rex
828 2641 850 2670 ‚
893 2597 958 2660 &
1010 2619 1083 2658 ex
1124 2595 1408 2658 Dardanis
1446 2597 1591 2658 Bato
1610 2640 1637 2672 ,

267 2679 520 2762 Longari
553 2676 719 2738 filius.
752 2677 976 2740 Bellum
1001 2677 1103 2740 suo
1140 2681 1377 2740 nomine
1411 2677 1639 2760 Longa-

267 2781 362 2823 rus
394 2779 530 2822 cum
555 2757 863 2820 Demetrio
899 2759 1147 2843 Philippi
1180 2776 1343 2841 patre
1374 2755 1638 2840 gesserat·

261 2839 672 2924 &elucentibus
695 2841 900 2910 auxilia
917 2839 1213 2925 respondit
1232 2837 1427 2905 consul
1439 2881 1461 2914 ,
1480 2835 1640 2911 Dar-

1654 334 1847 371 -ἰ

1654 408 1850 458 U-c.552.

1648 457 1743 501 ⁸00·
1756 467 1854 500 που.
