2004 3691
546 243 918 311 LIBER
1018 241 1378 311 XXXI.
1553 247 1649 336 '19

271 368 498 431 mareS,
534 356 772 442 juffique
809 362 868 421 in
899 380 1055 420 mare
1099 359 1393 441 extemplo
1432 358 1649 440 depor-
1674 384 1871 421 name

275 440 386 496 tari
424 460 444 511 3
475 438 612 499 sicut
631 442 896 523 proxime
935 439 1009 501 C.
1035 438 1285 508 Claudio
1308 486 1331 514 ,
1352 438 1437 500 M.
1468 438 1639 503 Livio
1674 442 1873 533 υὲζζζ

279 518 604 592 consulibus
626 566 645 595 ‚
682 522 1015 603 deportatus
1053 519 1245 581 similis
1267 521 1513 603 prodigii
1537 519 1644 581 foe-
1671 504 1710 533 ⁸'
1755 517 1768 531 ’

277 613 372 657 tus
411 617 547 659 erat.
599 600 798 661 Nihilo
847 604 1035 661 minus
1076 602 1441 662 decemviros
1484 601 1641 663 adire

273 678 458 738 libros
483 680 556 739 de
587 700 860 762 portento
893 703 966 742 eo
991 680 1277 761 jusserunt.
1300 680 1643 742 Decemviri

276 775 353 819 ex
385 758 540 819 libris
563 782 654 821 res
684 765 907 824 divinas
938 762 1167 823 easdem
1186 808 1207 835 ‚
1229 782 1354 844 quae
1375 764 1640 843 proxime

271 838 589 901 secundum
621 843 684 903 id
719 844 1049 927 prodigium
1080 842 1239 902 faaae.
1274 840 1448 902 effent
1472 887 1491 915 ‚
1542 845 1645 903 im-

269 939 548 1003 perarunt
593 944 608 981 ε
651 944 882 983 carmen
913 939 1191 1005 praeterea
1228 922 1297 981 ab
1338 940 1425 981 ter
1454 944 1647 983 nove-

275 1002 368 1060 nis
409 1003 728 1083 virginibus
777 1006 904 1063 cani
991 1025 1055 1063 er
1098 1002 1300 1061 urbem
1337 1000 1650 1083 jusserunt,

277 1080 619 1163 donumque
673 1082 881 1144 Junoni
985 1086 1165 1165 eginae
1211 1082 1367 1143 ferri.
1424 1081 1507 1141 Ea
1564 1086 1650 1142 uti

276 1158 491 1222 fierent
511 1206 530 1235 ‚
570 1160 642 1223 C.
665 1163 934 1225 Aurelius
975 1162 1167 1224 consul
1196 1184 1268 1223 ex
1293 1164 1652 1223 decemviro-

273 1248 409 1301 'rum
449 1242 716 1323 responso
763 1247 1000 1306 curavit.
1041 1242 1291 1305 Carmen
1313 1288 1332 1316 ‚
1364 1241 1503 1302 ficut
1541 1265 1647 1323 pa-

275 1336 433 1382 trum
479 1324 762 1385 memoria
806 1323 1005 1386 Livius
1036 1369 1056 1399 ,
1097 1326 1177 1385 ita
1219 1340 1341 1383 tum
1382 1322 1650 1385 condidit

273 1401 345 1463 P.
377 1402 630 1474 Licinius
659 1402 900 1487 Tegula.

275 1486 286 1496 '
357 1481 556 1544 XIII.
621 1484 872 1572 Expiatis
935 1486 1205 1545 omnibus
1265 1485 1640 1567 religionibus
1664 1492 1870 1593 Plffjffig

117 1622 124 1627 .
187 1642 196 1645 ,
274 1561 461 1645 (nam
497 1566 672 1624 etiam
704 1566 909 1625 ‘Locris
952 1564 1305 1649 sacrilegium
1361 1564 1642 1645 pervesti-
1666 1604 1723 1649 ηρ
1745 1604 1870 1641 pm-

275 1662 474 1783 gatum
505 1666 538 1706 a
575 1644 662 1725 Q.
700 1644 964 1705 Minucio
991 1662 1109 1705 erat
1130 1691 1148 1718 ,
1183 1650 1539 1727 pecuniaque
1568 1666 1644 1707 ex
1667 1654 1751 1683 m·

321 1726 448 1784 onis
463 1727 767 1786 noxiorum
783 1728 841 1784 in
861 1724 1148 1787 thesauros
1170 1724 1441 1811 reposita)
1464 1746 1644 1805 quum

275 1802 536 1866 consules
575 1808 634 1866 in
679 1808 1004 1887 provincias
1043 1804 1327 1888 proficisci
1364 1806 1585 1867 vellent
1622 1828 1643 1880 ;

319 1885 486 1946 riveti
499 1884 824 1968 frequentes
835 1931 853 1958 ,
866 1886 1069 1970 quibus
1089 1903 1161 1946 ex
1224 1888 1421 1946 ecunia
1436 1932 1453 1959 ,
1468 1909 1641 1968 quam

349 2007 368 2026 .
391 1964 627 2028 Valerio
646 2011 666 2040 2
687 1966 776 2026 M.
790 1965 1037 2028 Claudio
1054 1987 1165 2026 con
1190 1967 1371 2026 ulibus
1389 1985 1646 2027 mutuam

277 2043 556 2107 dederant
572 2091 590 2120 ‚
611 2049 776 2108 tertia
795 2045 996 2128 penfio
1022 2046 1340 2109 debebatur
1364 2067 1434 2106 eo
1457 2069 1606 2106 anno
1620 2089 1642 2120 2

271 2125 538 2186 'adierunt
571 2125 828 2187 senatum
844 2171 864 2201 ,
885 2129 1019 2207 quia
1046 2125 1306 2187 consules
1322 2171 1345 2200 ,
1366 2148 1544 2208 quum
1566 2125 1643 2186 ad

270 2225 500 2267 novum
547 2207 762 2267 bellum
782 2254 802 2280 ‚
837 2207 999 2289 quod
1054 2229 1147 2266 ma
1186 2207 1260 2266 na
1308 2206 1469 2267 claffe
1516 2227 1645 2266 ma·-

276 2285 514 2381 gnisque
565 2289 912 2351 exercitibus
949 2227 1267 2370 gerentfum
1308 2285 1445 2346 effer
1469 2332 1490 2359 ‚
1538 2289 1641 2348 vix

277 2375 541 2428 'aerarium
580 2365 890 2440 sufficeret,
912 2383 1274 2449 negaverant
1300 2365 1409 2426 esse
1430 2411 1449 2442 ‚
1487 2366 1641 2427 unde

271 2448 345 2507 iis
385 2449 445 2514 in
487 2445 784 2528 praesentia
823 2446 1158 2508 solveretur.
1220 2444 1453 2507 Senatus
1498 2468 1639 2530 que·-
1686 2497 1693 2506 .
1780 2439 1791 2450 '
1842 2507 1847 2516 ,

268 2537 464 2606 'rentes
505 2547 606 2588 eos
655 2549 776 2590 non
825 2525 1119 2600 sustinuit,
1156 2529 1226 2592 Si
1263 2529 1321 2586 in
1365 2530 1635 2588 Punicum
1681 2542 1856 2606 Ρνρμῤ

187 2603 192 2609 ’
271 2608 470 2668 bellum
489 2605 727 2688 pecicnid
747 2609 902 2668 data*
917 2653 940 2684 ἃ
973 2610 1031 2667 in
1066 2610 1481 2671 Macedonicum
1504 2631 1636 2688 quo-
1653 2604 1863 2690 ξ’ζῖξξζξῖἷ

271 2699 378 2774 'que
398 2689 592 2748 bellum
612 2691 696 2747 uti
714 2687 1007 2770 respublica
1038 2689 1200 2750 vellet
1215 2731 1239 2759 ,
1261 2689 1392 2747 aliis
1412 2711 1479 2747 ex
1502 2691 1635 2748 aliis
1656 2685 1851 2738 affirmati.

270 2769 566 2832 orientibus
601 2769 756 2828 bellis
770 2814 792 2840 ,
826 2770 963 2850 quid
995 2769 1155 2828 aliud
1178 2769 1341 2848 qudm
1378 2769 1635 2848 publica-

269 2863 386 2917 tam
407 2894 432 2931 ρ
451 2871 456 2875 ·
467 2869 572 2936 pro
618 2849 870 2938 beneficio
887 2893 913 2928 4
951 2867 1228 2939 tamquam
1274 2849 1340 2914 ob
1382 2869 1589 2913 noxam
1602 2861 1635 2930 ,ι’
