2004 3691
521 245 894 322 ‘Lzssssn
994 249 1351 324 XXXR
1526 245 1621 322 Gr·

243 355 452 444 Quod
490 369 590 428 ubi
631 370 872 431 advenit
898 413 918 443 ‚
956 369 1025 430 &
1064 367 1198 448 ipsis
1240 371 1319 428 im
1398 382 1581 430 ratum
1604 407 1624 441 ,
1644 376 1841 428 Εἰ

249 461 358 519 ur,
381 445 590 532 statutis
621 449 790 532 signis
823 449 1103 531 armisque
1139 466 1271 512 ante
1328 471 1361 509 e
1394 447 1625 530 positio,
1644 447 1843 540 25&ss

247 529 466 606 raptim
493 529 685 590 cibum
703 547 1008 611 caperent,
1030 531 1179 589 binis
1206 529 1450 590 ternisve
1478 527 1643 592 sum·'
1724 523 1737 540 '
1828 517 1845 538 ”

250 609 424 666 miun
461 629 534 668 ex
566 611 870 691 manipulis
913 610 1161 694 aquandi
1200 609 1366 672 causa
1400 608 1573 670 miffis
1603 631 1621 672 z

251 686 490 748 interim
531 711 708 771 eques
751 712 884 752 cum
925 691 1041 754 levi
1083 708 1364 751 armatura
1401 708 1625 773 paratus

249 765 666 853 instru&usque
694 770 878 844 stetit,
898 769 941 831 fi
967 771 1107 854 quid
1134 770 1309 832 hostis
1337 789 1621 834 moveret.

251 846 444 908 AEtoli
474 848 638 990 §jam
674 854 830 912 enim
865 853 932 914 δι
960 873 1088 932 quae
1129 872 1233 933 per
1270 873 1436 934 agros
1474 853 1627 912 mul-

251 929 448 988 titudo
499 931 656 1010 p'arsa
675 929 891 1004 fuerat,
915 950 1211 1014 receperat
1237 931 1299 993 se
1322 937 1380 992 in
1408 931 1627 1013 castra)

247 1024 322 1069 ut
352 1009 634 1071 defensuri
664 1015 1019 1072 munimenta
1036 1057 1055 1087 ,
1083 1014 1235 1072 circa
1270 1030 1465 1092 portas
1499 1012 1628 1074 val-

251 1089 496 1171 lumque
535 1110 782 1153 armatos
824 1091 1133 1174 disponunt
1155 1137 1177 1166 ,
1214 1093 1355 1154 dum
1396 1093 1627 1174 quietos

251 1168 452 1231 hostes
503 1171 609 1254 ipfi
665 1171 894 1239 feroces
949 1195 1022 1234 ex
1073 1190 1200 1234 tuto
1258 1171 1581 1254 speciabaut
1610 1193 1629 1238 z

301 1249 562 1334 ostq'uam
590 1269 750 1314 mota
776 1252 932 1336 signa
956 1253 1351 1314 Macedonum
1382 1251 1538 1328 sunt,
1561 1254 1628 1316 &

248 1273 566 1394 {accedere
604 1334 678 1407 ad
707 1334 926 1396 vallum
957 1337 1140 1416 parati
1176 1352 1233 1394 at
1272 1356 1345 1394 ue
1381 1333 1629 1396 instruffl

257 1434 496 1496 coepere
513 1459 532 1486 ‚
565 1436 769 1475 omnes
809 1415 1047 1496 repente
1067 1460 1087 1490 ‚
1126 1415 1229 1474 reli
1284 1418 1330 1474 is
1370 1413 1631 1476 stationi-

253 1493 403 1566 hm,
427 1515 526 1576 per
553 1495 810 1557 aversam
837 1503 1063 1577 partem
1095 1494 1405 1556 castrorum
1436 1496 1509 1556 ad
1539 1513 1630 1556 tu-

253 1575 482 1635 mulum
497 1621 516 1649 ,
543 1575 617 1635 ad
642 1575 817 1638 castra
840 1575 1231 1636 Athamanum
1256 1575 1623 1658 perfugiunt:

253 1657 428 1715 multi
456 1658 516 1714 in
541 1655 646 1716 hac
672 1677 904 1738 quoque
930 1674 1049 1716 tam
1073 1657 1295 1736 trepida
1320 1655 1455 1738 fuga
1476 1658 1629 1738 capti

253 1735 500 1818 caefique
523 1733 658 1796 'sunt
682 1736 1034 1800 AEtolorum.
1065 1736 1358 1818 Philippus
1376 1780 1395 1808 ‚
1424 1735 1467 1795 sl
1499 1735 1633 1796 satis

254 1815 384 1879 diei
414 1815 752 1898 superesset,
775 1823 900 1879 non'
929 1817 1169 1892 dubius,
1234 1819 1335 1877 uin
1358 1815 1635 1877 Athama·-

253 1918 364 1959 nes
391 1918 622 1981 quoque
653 1898 806 1961 exsui
833 1897 1023 1961 castris
1045 1840 1385 1979 potuffsent,
1405 1899 1499 1958 die
1525 1918 1633 1979 per

254 1980 528 2060 proelium
544 2022 564 2051 ‚
597 1980 808 2043 deinde
886 2000 950 2039 er
987 1980 1376 2060 direptionem
1414 1977 1631 2039 castro-

254 2079 391 2119 rum
441 2058 739 2141 absumpto
764 2105 783 2133 ‚
830 2000 932 2119 1¹1³sp
980 2060 1207 2127 tumulo
1258 2062 1317 2119 in
1348 2061 1631 2198 ips-oxima

257 2138 494 2221 planitie
535 2140 796 2203 consedit
816 2183 836 2212 ‚
921 2139 1065 2201 rima
1111 2140 1237 2199 luce
1286 2141 1346 2199 in
1372 2142 1631 2223 equentis

188 2268 195 2271 .
257 2219 380 2281 diei
412 2218 634 2281 hostem
661 2243 694 2281 a
735 2242 832 2303 gre
875 2242 1033 2282 uruS.
1060 2218 1178 2281 Sed
1201 2220 1385 2281 AEtoli
1418 2221 1631 2282 eodem

257 2321 481 2383 pavore
499 2346 518 2376 ‚
545 2324 662 2384 quo
723 2324 796 2362 ua
836 2301 1017 2362 castra
1051 2302 1429 2383 reliquerant,
1460 2300 1633 2362 noae

257 2384 530 2521 proxima
582 2380 812 2464 dispersi
864 2382 1147 2463 fugerunt.
1199 2379 1462 2441 Maximo
1510 2379 1633 2441 usui

289 2464 369 2522 uit
406 2461 790 2543 Amynander
813 2508 834 2536 ,
877 2483 996 2543 quo
1047 2462 1193 2525 duce
1234 2459 1587 2521 Athamanes
1609 2503 1633 2535 ,-

257 2542 528 2605 itinerum
551 2546 753 2623 periti,
772 2542 1001 2603 summis
1024 2540 1315 2603 montibus
1335 2562 1439 2623 per
1457 2542 1631 2603 calles

258 2624 486 2704 ignotas
505 2621 867 2706 sequentibus
891 2644 996 2685 eos
1014 2621 1269 2683 hostibus
1290 2625 1349 2681 in
1360 2622 1635 2683 AEtoliam

308 2703 652 2765 erduxerunt
673 2722 702 2766 0.
744 2726 862 2765 non
908 2708 984 2765 ita
1028 2704 1242 2763 multos
1285 2705 1343 2762 in
1386 2702 1633 2783 dispersa

323 2804 395 2865 ga
431 2805 590 2847 error
623 2786 813 2849 intulit
845 2788 907 2845 in
937 2783 1329 2853 Macedonum
1370 2804 1400 2844 e
1444 2785 1591 2843 uites
1610 2824 1633 2855 ,

149 2868 158 2877 ⁸
256 2883 410 2951 guos
455 2864 583 2929 luce
631 2867 820 2951 prima
855 2865 1148 2949 Philippus
1175 2907 1197 2941 ‚
1237 2880 1301 2925 ut
1345 2863 1417 2927 de
1444 2879 1631 2937 ertum
