2004 3691
402 311 770 381 Llssssn
866 305 1350 381 XXXIII.
1429 304 1556 405 165

184 423 399 487 notho
435 427 769 488 imminebat
812 447 831 500 ;
864 447 999 486 nam
1032 426 1168 486 alias
1211 425 1433 485 auxiliis
1472 422 1569 506 ju·
1587 449 1784 484 ξε,

185 523 407 568 verunt
427 553 446 581 ,
481 510 617 568 alias
648 507 1017 590 providendo
1051 528 1118 566 ac
1155 505 1568 587 praemonendo
1586 506 1786 606 {³5:232

193 604 440 648 conatus
474 588 695 662 hostis;
726 586 1004 669 causaque
1039 587 1310 647 libertatis
1339 585 1570 647 fuerunt
1612 583 1624 596 ‘

199 664 445 727 Cauniis
468 713 487 741 ,
514 669 776 750 Myndiis
798 715 817 743 ,
841 665 1442 740 HalicarnaffenfibuS,
1466 666 1574 727 Sa·

194 746 464 831 miisque.
480 749 620 810 Non
636 771 829 843 operae
847 747 929 809 est
946 747 1234 830 persequi,
1249 765 1312 808 ut
1327 767 1570 830 quaeque

197 826 327 888 afta
362 831 422 888 in
456 829 545 889 his
585 830 728 894 locis
768 829 875 889 sint
895 873 915 902 ‚
950 850 1126 910 quum
1177 829 1250 888 ad
1289 850 1356 888 ea
1374 870 1395 901 ,
1441 849 1569 910 quae

200 924 319 989 pro
358 909 441 968 rie
477 910 726 970 Romani
753 910 893 970 belli
934 908 1097 982 sunt,
1124 911 1224 970 vix
1256 907 1548 970 sufficiam.
1577 941 1586 950 ·

286 929 453 1048 {XL
495 991 721 1051 Eodem
760 1008 1028 1072 tempore
1061 991 1127 1052 &
1153 989 1383 1050 Attalus
1427 1009 1567 1064 rex,
1633 1017 1772 1055 Amat

206 1087 364 1150 aeger
394 1068 615 1131 Thebis
650 1070 989 1154 Pergamum
1029 1069 1301 1132 advestus
1323 1114 1343 1145 ,
1387 1072 1570 1130 mori-
1585 1064 1760 1157 ma?

204 1165 298 1208 tur
321 1191 340 1223 ,
369 1150 549 1212 altero
580 1153 645 1214 &
690 1149 747 1212 se
790 1149 1105 1233 tuagefimo
1142 1171 1294 1210 anno
1315 1195 1336 1225 ‚
1389 1171 1572 1234 quum

202 1246 449 1369 apatuor
504 1233 569 1294 &
626 1175 837 1314 quaXra
876 1235 991 1291 inta
1043 1253 1222 1292 annos
1277 1252 1338 1292 re
1418 1229 1570 1293 asset.
1676 1282 1680 1286 .

272 1313 361 1370 uic
394 1313 525 1372 viro
546 1357 566 1387 ‚
597 1330 803 1394 praeter
830 1253 1056 1374 divitias
1077 1355 1095 1384 ,
1131 1309 1272 1371 nihil
1300 1335 1332 1372 a
1408 1311 1570 1394 spem

200 1393 369 1472 regni
400 1389 627 1454 fortuna
666 1394 901 1453 dederat
941 1414 956 1452 ε
987 1391 1076 1451 bis
1118 1392 1283 1454 fimul
1318 1394 1570 1474 pruden-

204 1486 298 1530 ter
318 1515 337 1545 ‚
370 1469 533 1533 simul
560 1472 859 1558 magnifice
896 1473 1113 1533 utendo
1136 1518 1156 1548 ,
1187 1471 1376 1534 effecit
1394 1518 1414 1547 ‚
1449 1477 1569 1557 pri-

207 1554 374 1611 mixm
403 1571 465 1614 ut
497 1552 599 1614 fibi
623 1598 644 1628 ,
682 1554 892 1614 deinde
911 1571 974 1613 ut
999 1554 1120 1613 aliis
1157 1575 1275 1615 non
1301 1556 1570 1638 indignus

205 1631 505 1693 videretur
530 1655 729 1718 regno,
756 1633 939 1695 vietis
968 1633 1175 1694 deinde
1208 1635 1417 1716 proelio
1447 1656 1568 1696 uno

207 1709 398 1786 Gallis
417 1759 441 1785 ,
550 1737 600 1776 ae
638 1733 761 1776 tum
786 1735 926 1799 gens
950 1717 1166 1776 recenti
1186 1714 1434 1776 adventu
1457 1733 1570 1776 ter-

205 1793 429 1855 ribilior
518 1795 611 1856 fiae
631 1814 751 1858 erat
769 1841 789 1871 ,
816 1798 1037 1881 regium
1061 1793 1297 1858 adscivit
1322 1817 1534 1857 nomen
1549 1840 1569 1870 ,

205 1872 375 1954 cujus
406 1879 778 1959 magnitudini
816 1878 1044 1960 'semper
1088 1880 1340 1937 animum
1379 1899 1583 1960 aequa·

204 1957 317 2017 vit.
344 1953 581 2018 Summa
618 1957 828 2039 justitia
862 1958 993 2018 suos
1030 1960 1217 2019 rexit:
1247 1960 1475 2018 unicam
1504 1956 1570 2017 fi·

206 2036 350 2096 dem
394 2035 556 2099 sociis
600 2038 859 2121 praestitit
896 2062 913 2099 ι
953 2059 1197 2099 uxorem
1240 2060 1304 2099 ac
1355 2038 1569 2100 liberos

205 2134 458 2199 quatuor
497 2117 817 2201 superstites
851 2118 1052 2180 habuit
1089 2140 1105 2179 ε
1147 2121 1298 2180 mitis
1335 2140 1400 2180 ac
1443 2140 1572 2181 mu·

205 2196 416 2258 nificus
448 2201 642 2259 amicis
670 2198 808 2262 fuit:
834 2220 1072 2283 regnum
1101 2200 1250 2260 adeo
1277 2198 1470 2260 stabile
1500 2220 1568 2261 ac

206 2275 455 2339 firmum
467 2280 695 2361 reliquit
713 2324 731 2353 ‚
754 2298 817 2341 ut
834 2281 906 2340 ad
934 2281 1160 2341 ter-tiam
1195 2278 1288 2339 stir
1333 2299 1427 2339 em
1447 2279 1586 2360 p0s·'

204 2356 380 2419 sessio
414 2357 535 2438 ejus
557 2358 929 2421 descenderit.
960 2358 1167 2440 Quum
1199 2362 1247 2419 is
1282 2302 1454 2419 Batus
1490 2378 1578 2419 re·

208 2460 349 2499 rum
384 2442 443 2500 in
478 2439 651 2513 Asna,
688 2438 1026 2523 Graeciaque
1059 2486 1080 2515 ‚
1125 2442 1190 2503 δι
1230 2438 1580 2499 Macedonia

206 2518 355 2581 esset
373 2563 392 2593 ‚
421 2520 662 2581 vixdum
686 2524 992 2582 terminato
1013 2540 1144 2581 cum
1165 2519 1346 2601 Philip
1389 2543 1429 2581 ο
1455 2519 1580 2581 bel·

202 2602 273 2660 lo
298 2644 317 2673 ‚
359 2622 503 2681 pace
546 2602 699 2662 certe
758 2602 1019 2663 nondum
1069 2618 1356 2682 perpetrat
1413 2647 1435 2673 ‚
1489 2604 1584 2661 in-

254 2702 357 2741 ens
378 2682 438 2739 in
460 2681 729 2763 Hispania
758 2683 1028 2743 ulteriore
1057 2698 1323 2741 coortum
1345 2680 1424 2742 est
1445 2682 1602 2761 bel-3
1646 2696 1796 2761 nonu

276 2782 355 2821 m.
392 2761 477 2823 M.
510 2763 755 2823 Helvius
791 2784 918 2823 eam
944 2763 1302 2843 provinciam
1343 2762 1576 2823 obtine·
1589 2747 1796 2839 ffi‘ffl'

207 2842 330 2901 bat.
373 2840 430 2901 Is
479 2842 675 2903 litteris
723 2841 978 2903 senatum
1037 2844 1343 2903 certiorem
1399 2841 1536 2904 fecit
1557 2890 1578 2920 ,

208 2922 443 2995 Colcam
484 2924 540 2983 6·
576 2922 861 3003 Luftinum
897 2924 1104 3007 regulos
1137 2925 1196 2984 in
1238 2924 1402 2983 armis
1433 2922 1532 3004 effi*
1557 2942 1582 2987 ,³
