2004 3691
382 261 764 336 'LIBER
863 258 1291 333 XXXII.
1398 276 1535 357 119

145 375 382 441 bellum
413 402 548 442 cum
578 378 764 443 Gallis
791 372 1137 463 cisalpinis,
1164 381 1262 462 qui
1297 374 1753 439 defecata—⁴

153 459 288 521 sent
317 483 354 520 a
383 463 604 544 populo
636 462 938 535 Romane,
961 477 1244 544 gererent.
1278 456 1534 540 Quintio
1554 466 1754 560 Ugdtt»

155 542 224 601 in
261 534 670 610 Macedoniam
701 542 1167 625 supplementum
1200 542 1497 603 decretum
1513 530 1593 613 ,⁸¹
1636 526 1757 569 ‘¹⁹⁷'

161 622 429 703 peditum
454 628 704 705 quinque
726 620 899 683 millia
924 625 990 685 &
1012 625 1255 683 trecenti
1283 624 1539 704 equites,

163 707 236 765 δί
253 701 556 765 sociorum
595 704 884 765 navalium
921 706 1027 764 tria
1068 704 1263 766 millia.
1302 702 1539 763 Praeeffe

161 785 328 845 idem
344 827 363 856 ,
387 788 488 866 qui
523 802 799 866 praeerat,
825 783 978 845 claffi
1012 784 1079 844 L.
1102 783 1381 864 Quintius
1407 784 1543 844 Fla·-

165 867 420 925 mininus
467 860 660 945 jussus,
723 865 1066 927 Praetoribus
1124 868 1184 925 in
1238 864 1542 946 Hispanias

168 944 380 1007 celena
403 946 584 1007 millia
607 947 872 1029 peditum
900 946 1119 1008 socifim
1142 968 1207 1007 ac
1227 945 1413 1005 Latini
1435 968 1540 1007 no·

150 1028 344 1087 ·rninis
364 1026 496 1087 data
517 1072 536 1101 ‚
569 1030 636 1090 &
664 1028 906 1109 quadrin
947 1031 1041 1087 eni
1064 1030 1287 1109 equites
1308 1070 1327 1099 ,
1358 1042 1422 1086 ut
1452 1027 1541 1087 di·-

171 1109 473 1167 mitterent
508 1125 772 1187 veterem
815 1128 884 1168 ex
909 1049 1207 1190 {Iispaniis
1248 1108 1495 1169 militem
1522 1127 1545 1181 ;

171 1190 251 1250 δι
281 1190 586 1249 terminare
621 1186 744 1267 juffi
763 1234 781 1263 ,
807 1189 922 1271 qua
961 1190 1201 1249 ulterior
1238 1188 1549 1257 citeriorve

163 1316 168 1321 .
225 1270 488 1329 rovincia
531 1269 862 1331 servaretur.
912 1266 1279 1330 Macedoniae
1324 1266 1549 1350 legatos

173 1290 246 1409 B.
275 1346 591 1430 Sulpicium
633 1351 699 1411 δι’.
734 1350 794 1411 Ρ.
815 1348 1057 1410 Villium
1078 1394 1097 1422 ‚
1140 1351 1239 1432 qui
1286 1349 1547 1411 consules

165 1431 243 1490 in
283 1451 350 1489 ea
457 1433 684 1491 ovincia
722 1430 946 1492 fuerant
965 1476 984 1505 ,
1018 1429 1368 1511 adjecerunt.

229 1528 232 1531 ·
265 1452 487 1573 XXl'x.
511 1510 838 1595 Priusquam
871 1510 1132 1573 consules
1166 1510 1555 1593 praetoresque

179 1592 247 1652 in
302 1595 633 1674 provincias
693 1589 1193 1674 proficiscerentur
1219 1639 1239 1667 ‚
1292 1593 1555 1675 prodigia
1600 1608 1767 1671 ‘from

228 1677 486 1733 rocurari
543 1673 758 1754 placuit
808 1697 823 1735 ε
883 1672 1045 1756 quod
1104 1673 1259 1734 aedes
1308 1672 1558 1734 Vulcani
1572 1674 1653 1748 Ψ·

179 1696 604 1837 ξιιπιωεηίφιε
654 1754 860 1815 Romae
893 1800 913 1828 ‚
963 1756 1030 1815 δι.
1074 1755 1235 1835 qubd
1286 1754 1562 1836 Fregellis

187 1855 393 1895 murus
436 1836 500 1897 &
533 1853 704 1916 porta
745 1835 818 1895 de
861 1835 1015 1896 coelo
1060 1834 1207 1896 taeta
1254 1853 1459 1910 erant;
1497 1836 1564 1898 δε

163 1913 508 1976 Frusinone
550 1919 701 1976 inter
740 1915 971 1976 nociem
1012 1917 1107 1976 lux
1148 1932 1319 1992 orta;
1356 1917 1421 1978 &
1452 1914 1568 1976 As-

187 1998 331 2057 culo
374 2017 550 2080 agnus
594 1997 796 2079 biceps
841 2009 998 2058 cum·
1025 1999 1281 2079 quinque
1362 1997 1568 2058 edibus

191 2095 362 2137 natus
390 2101 409 2154 3
439 2081 506 2139 &
535 2077 782 2138 Formiis
821 2078 940 2138 duo
980 2077 1137 2159 lupi,
1162 2019 1443 2159 oppiXum
1480 2080 1571 2136 in-

193 2157 366 2241 greffi
385 2159 646 2232 ‚obvios
684 2160 902 2240 aliquot
936 2159 1325 2218 laniaverant:
1360 2156 1568 2218 Romae

194 2260 321 2299 non
363 2242 425 2299 in
465 2239 673 2300 urbem
718 2238 1073 2312 solum‚‘sed
1112 2241 1173 2298 in
1212 2237 1570 2318 Capitolium

245 2337 608 2390 enetraverat
635 2321 821 2401 lupus.
843 2318 918 2380 C.
931 2319 1153 2396 Acilius
1165 2319 1423 2378 tribunus
1450 2319 1571 2402 ple·

195 2342 298 2460 ἷξε
325 2402 492 2473 tulit,
519 2417 582 2464 ut
613 2403 866 2483 quinque
899 2400 1144 2460 coloniae
1171 2403 1231 2458 in
1262 2419 1421 2458 oram
1452 2420 1575 2458 ma-

200 2483 462 2542 ritimam
503 2481 921 2540 deducerentur
956 2503 975 2555 ;
1014 2479 1142 2539 duae
1178 2479 1253 2540 ad
1290 2477 1432 2539 ostia
1467 2480 1575 2539 flu·

204 2564 436 2622 minum
449 2558 719 2621 Vulturni
739 2561 1073 2643 Liternique
1093 2581 1111 2633 ;
1132 2581 1245 2621 una
1262 2559 1534 2622 Puteolos
1552 2580 1573 2633 ;

205 2663 328 2702 una
371 2641 450 2702 ad
491 2639 758 2701 Castrum
799 2639 1018 2702 Salerni
1059 2664 1073 2701 z
1122 2641 1209 2699 his
1248 2639 1577 2700 Buxentum

205 2721 504 2802 adjecium
535 2743 550 2780 :
581 2739 826 2782 trecenae
861 2721 1089 2784 familiae
1120 2723 1179 2780 in
1208 2719 1451 2802 singulas
1482 2741 1582 2780 co·

209 2803 400 2864 ionias
440 2803 780 2883 jubebantur
821 2807 969 2864 mitti
1004 2825 1021 2863 t
1062 2803 1349 2862 triumviri
1390 2799 1579 2860 dedu·-

209 2885 417 2946 centlis
451 2887 520 2948 iis
536 2929 557 2961 ,
592 2887 690 2966 qui
721 2905 828 2968 per
853 2885 1163 2946 triennium
1192 2878 1583 2964 magistratum
