2004 3691
481 220 864 340 JLIBAEJR
964 244 1327 318 XXXI.
1510 268 1592 343 33

306 358 538 426 XXIV,
572 362 956 425 Demetriade
977 380 1101 424 tum
1120 360 1418 503 Philiplpus
1448 376 1603 434 erat;
1628 372 1825 425 ἐξ

229 445 353 525 quo
393 467 572 529 quum
605 444 741 506 effet
772 448 1028 505 nuntiata
1066 444 1261 505 clades
1327 444 1471 503 ociae
1506 462 1604 502 ur·
1628 446 1827 498 ‘Le-552·

173 546 192 567 ·
227 523 322 583 bis
343 569 364 599 ‚
409 547 757 607 quamquam
801 525 988 587 serum
1046 526 1316 585 auxilium
1365 521 1603 603 perditis
1625 497 1829 585 ‘fi-„3322

235 625 362 665 erat
382 652 402 681 ‚
445 624 638 667 tamen
665 651 682 679 ‚
731 628 859 689 quae
911 609 1174 687 proxima
1224 604 1432 665 auxilio
1480 601 1561 664 est
1575 645 1599 675 t,
1622 596 1663 696 ζ
1654 595 1816 695 ,ffufid

231 685 521 747 ultionem
558 704 758 770 petens
779 733 800 761 ‚
839 709 974 747 cum
1024 685 1303 768 expeditis
1351 686 1603 767 quinque
1620 674 1729 745 serb'·

234 765 490 828 millibus
533 768 794 849 peditum
817 814 838 842 ‚
882 770 948 829 &
993 768 1265 829 trecentis
1326 786 1359 825 e
1402 766 1610 824 uitibus

238 849 539 931 extemplo
577 846 866 931 profec‘tus
883 894 906 921 ,
943 847 1103 909 cursu
1138 847 1336 929 ‚prope
1434 845 1615 905 halci-

231 926 376 987 ⁸dem
413 930 714 991 contendit
741 974 762 1003 ,
795 929 1246 1010 haudquaquam
1278 926 1480 987 dubius
1506 946 1615 1007 op-

235 1011 415 1089 primi
466 1010 772 1074 Romanos
819 1006 980 1089 posse
1024 1030 1039 1067 ε
1084 1030 1119 1067 a
1164 1029 1275 1089 qua
1320 1004 1618 1065 destitutus

239 1086 346 1169 spe
369 1134 390 1163 ,
424 1110 538 1149 nec
614 1090 890 1171 uidquam
930 1082 1081 1149 aliud
1115 1133 1135 1162 ‚
1175 1086 1347 1169 quam
1389 1085 1461 1146 ad
1515 1085 1623 1145 de-

243 1166 438 1229 forme
481 1112 864 1251 speffiaculum
917 1168 1201 1229 semirutae
1239 1190 1306 1229 ac
1349 1165 1623 1226 fumantis

247 1246 418 1309 sociae
449 1249 607 1315 urbis
639 1270 818 1332 quum
842 1247 1115 1323 venisset,
1140 1250 1335 1331 paucis
1357 1249 1494 1320 vix,
1519 1246 1621 1329 qui

245 1328 550 1414 sepelisent
585 1330 743 1391 bello
781 1330 1112 1412 absumptos
1133 1373 1152 1403 ‚
1180 1328 1384 1390 relictis
1401 1372 1422 1401 ‚
1453 1350 1501 1388 ae
1546 1328 1623 1387 ιιὲ

247 1414 455 1493 raptim
491 1434 556 1471 ac
586 1428 826 1473 venerat
846 1457 866 1486 ‚
897 1408 1256 1492 transgressus
1326 1426 1463 1471 onte
1558 1430 1624 1468 u·-

245 1494 471 1573 ripum‚
511 1512 618 1573 per
652 1492 944 1553 Boeotiam
979 1492 1238 1552 Athenas
1272 1433 1466 1563 Xucit,
1498 1492 1623 1571 pari
1689 1518 1819 1557 nuez,

245 1573 379 1633 ince
425 1590 489 1633 to
523 1573 676 1633 haud
706 1572 988 1654 disparem
1026 1590 1303 1651 eventum
1324 1588 1481 1631 ratus
1506 1566 1623 1630 res-
1644 1566 1843 1608 ‘mmm'-

247 1675 374 1735 pon
398 1674 584 1714 urum.
624 1652 700 1716 Et
743 1652 1113 1735 respondiss'et
1142 1698 1163 1729 ‚
1198 1655 1261 1712 ni
1304 1648 1628 1733 speculator

253 1732 788 1813 (hemerodromos
812 1750 1027 1793 vocant
1054 1732 1285 1807 Graeci,
1308 1734 1508 1815 ingens
1534 1732 1635 1793 die

255 1834 380 1874 uno
413 1812 576 1874 cursu
610 1814 945 1875 emetientes
969 1812 1251 1896 spatium)
1271 1814 1634 1894 contempla-

254 1912 354 1955 tus
379 1897 600 1978 regium
629 1915 836 1978 agmen
864 1916 897 1955 e
924 1893 1154 1976 specula
1178 1895 1461 1976 quadam,
1481 1917 1632 1977 prae-

253 2017 256 2022 -
299 1973 472 2035 ress'us
516 1974 682 2036 noste
720 1975 915 2036 media
951 1975 1219 2036 Athenas
1263 1973 1633 2058 perveniffet.

295 2057 432 2116 dem'
479 2057 559 2117 ibi
593 2055 826 2117 somnus
850 2100 870 2128 ,
911 2056 1231 2138 eademque
1282 2056 1632 2138 negligentia

263 2143 420 2208 erat,
444 2157 569 2218 quae
595 2134 936 2198 Chalcidem
959 2136 1083 2196 dies
1112 2153 1243 2198 ante
1263 2158 1478 2219 paucos
1498 2159 1631 2218 pro-

263 2217 509 2278 diderat.
549 2217 796 2278 Excitati
825 2218 1028 2278 nuntio
1066 2219 1295 2298 trepido
1326 2215 1390 2278 &
1420 2235 1633 2298 praetor

253 2295 705 2359 'Atheniensium
737 2299 804 2360 &
837 2295 1171 2392 Dioxippus
1194 2295 1493 2378 praefestus
1532 2319 1637 2377 co-

261 2379 456 2439 hortis
498 2379 769 2438 mercede
826 2377 1189 2438 militantium
1246 2376 1581 2436 auxiliorum
1614 2423 1637 2453 ,

269 2459 614 2519 convocatis
634 2460 693 2516 in
710 2455 902 2516 forum
919 2456 1193 2516 militibus
1217 2501 1237 2530 ,
1259 2457 1395 2518 tuba
1418 2455 1637 2542 {ignum

272 2561 351 2600 ex
375 2559 504 2598 arce
540 2538 661 2598 dari
699 2535 936 2618 jubent,
974 2553 1037 2597 ut
1070 2535 1260 2598 hostes
1284 2537 1469 2600 adeffe
1508 2561 1640 2600 om·

271 2641 378 2682 nes
421 2617 632 2679 scirent
670 2639 685 2678 t
731 2620 811 2680 ita
859 2619 1113 2699 undique
1162 2618 1235 2679 ad
1275 2637 1472 2702 portas
1501 2663 1521 2692 ,
1566 2620 1643 2679 ad

273 2721 478 2763 muros
517 2697 850 2760 discurrunt.
885 2698 1095 2760 Paucas
1136 2697 1263 2782 post
1300 2697 1470 2760 horas
1504 2699 1644 2760 Phi-

273 2784 467 2864 lip'pus
489 2825 510 2855 ,
537 2781 824 2862 aliquanto
859 2797 1049 2840 tamen
1081 2797 1213 2842 ante
1260 2780 1449 2840 lucem
1478 2823 1500 2853 ,
1544 2799 1649 2860 ap-

255 2859 260 2866 “
275 2863 674 2946 propinquans
694 2861 854 2938 urbi,
869 2859 1181 2944 conspeffis
1196 2860 1507 2946 luminibus
1527 2879 1651 2920 cre·-

1276 2939 1408 3015 ΒΥ.
