2004 3691
435 269 812 343 'LIBER
911 267 1327 342 XXXII.
1476 290 1561 365 93

195 408 312 469 pus
349 400 508 463 erat,
539 386 742 471 omisso
777 390 1013 470 incepto
1034 432 1055 460 ‚
1072 390 1134 447 in
1162 386 1570 447 Macedoniam
1594 396 1795 445 antu-⁵·

201 467 588 542 tranffcendit.
621 469 772 529 Nam
806 472 978 529 etiam
991 468 1230 529 AEtolos
1262 468 1571 549 appropin—
1596 470 1797 558 Uet-55⁴·

205 569 386 629 quare
405 550 557 609 fama
581 567 696 609 erat
712 572 730 623 ;
749 551 845 630 qui
863 595 882 624 ‚
915 550 1113 609 audito
1134 548 1342 631 proelio
1364 593 1383 623 ,
1407 546 1568 629 quod
1595 516 1797 605 ’ᾈᾰεῖἶῗὶ

207 630 364 691 circa
401 651 632 690 amnem
673 628 871 692 Aoum
908 628 1121 689 factum
1160 646 1279 688 erat
1296 672 1318 699 ,
1368 630 1568 708 proxi·
1591 614 1757 713 'g-fiffi‘,

200 711 314 769 mis
346 712 504 790 prius
547 709 804 772 evastatis
837 714 988 771 circa
1018 708 1315 789 Sperchias
1344 710 1409 769 ὃ(
1435 704 1569 766 Ma·
1594 714 1704 755 ²³11·-
1784 724 1791 730 ·

201 810 339 852 eran
390 789 612 871 (quam
655 790 914 872 vocant)
949 788 1183 849 Comen
1204 832 1227 863 ,
1256 785 1573 870 transgreffi

199 869 341 929 inde
377 872 438 929 in
473 868 816 931 Thefl'aliam
836 914 856 943 ,
896 869 1183 950 Cymines
1224 871 1291 932 &
1338 868 1573 949 Angeas

200 952 395 1031 primo
429 951 654 1031 impetu
693 953 866 1031 potiti
913 948 1042 1009 sunt
1083 970 1098 1007 t
1144 971 1178 1007 a
1218 948 1573 1029 Metropoli,

205 1030 354 1092 dum
381 1028 606 1091 vastant
628 1050 797 1111 agros
815 1075 835 1103 ‚
858 1027 1133 1089 concursu
1155 1050 1193 1087 o
1238 1028 1577 1109 pidanorum

207 1110 286 1169 ad
317 1110 532 1172 tuenda
561 1112 777 1171 moenia
815 1108 1000 1182 facio,
1030 1051 1236 1190 repulfr
1266 1107 1409 1167 sunt.
1446 1105 1575 1167 Cal-

207 1190 416 1263 lithera
444 1191 579 1249 inde
610 1188 846 1271 aggreffi
864 1234 884 1263 ‚
905 1189 1149 1249 similem
1174 1192 1454 1269 impetum
1472 1209 1581 1268 op·

206 1270 557 1351 pidanorum
589 1272 926 1351 pertinacius
961 1268 1337 1340 sustinuerunt
1366 1291 1386 1342 3
1414 1290 1576 1328 com-

205 1348 496 1433 pulfisque
520 1354 670 1412 intra
697 1352 910 1411 moenia
929 1397 948 1424 ‚
968 1352 1067 1433 qui
1087 1366 1419 1430 eruperant,
1440 1370 1574 1408 con-

206 1432 356 1491 tenti
397 1432 465 1493 ea‘i
503 1430 780 1505 victoria,
827 1432 960 1511 quia
991 1430 1121 1511 spes
1176 1430 1332 1489 nulla
1370 1430 1593 1489 admo-.

205 1511 354 1571 dum
391 1511 758 1593 expugnandi-
786 1528 937 1585 erat,
955 1508 1347 1571 abscesserunt.
1374 1508 1575 1571 Theu-

205 1592 470 1653 mainde
505 1594 570 1654 δι
603 1590 914 1652 Calathana
945 1593 1111 1651 vicos
1138 1604 1461 1671 expugnant
1486 1589 1576 1649 di-

200 1672 558 1753 ripiuntque.
591 1670 872 1731 Acharras
901 1692 1004 1750 per
1031 1672 1387 1731 deditionem
1418 1689 1577 1739 rece-

257 1768 444 1811 erunt.
463 1751 680 1833 Xyniae
706 1750 872 1814 simili
900 1768 1058 1812 metu
1084 1772 1116 1810 a
1136 1749 1447 1811 cultoribus
1479 1749 1579 1809 de-
1644 1810 1649 1817 ,

207 1773 376 1893 ῗεττεε
413 1830 556 1894 sunt.
591 1830 728 1898 Hoc
766 1830 989 1892 sedibus
1044 1830 1153 1892 suis
1206 1849 1438 1892 extorre
1479 1849 1576 1912 ag·-

209 1934 356 1976 men
387 1915 446 1976 in
483 1912 808 1993 praesrdium
846 1913 1085 1988 incidit,
1109 1911 1267 1994 quod
1305 1911 1580 1970 Athama-

208 2015 396 2069 num,
431 1996 550 2076 quo
586 1995 762 2055 tutior
787 1992 1157 2064 frumentatio
1195 1990 1370 2066 ess'et,
1406 1992 1580 2051 duce-

208 2075 378 2136 batur
427 2095 462 2142 t,
493 2074 786 2136 incondita
830 2071 1173 2154 inermisque
1222 2071 1531 2131 multitudo
1556 2115 1578 2146 ,

211 2157 398 2222 mixta
428 2154 648 2224 imbelli
677 2154 842 2218 turba
861 2199 881 2227 ‚
921 2154 992 2213 ab
1032 2155 1259 2212 armatis
1292 2150 1430 2212 caesa
1474 2149 1576 2214 est.

211 2235 432 2314 Xyniae
463 2233 698 2304 desertae
737 2235 1095 2316 diripiuntur.
1135 2231 1577 2312 Cyp-barainde

213 2314 404 2384 AEtoli
432 2317 700 2395 capiunt,
727 2337 766 2374 o
811 2314 1055 2396 por-tune
1093 2313 1371 2394 Dolopiae
1400 2315 1581 2372 immi-

212 2415 366 2457 nens
396 2393 703 2454 castellum.
859 2416 890 2454 c
928 2396 1134 2475 raptim
1182 2395 1329 2452 intra
1366 2412 1579 2474 paucos

217 2475 350 2536 dies
379 2473 450 2534 ab
477 2475 689 2542 AEtolis
719 2473 891 2556 gesta.
1126 2533 1131 2536 ,
1514 2497 1517 2502 ·
1585 2490 1592 2497 ·

231 2606 246 2612 -
298 2553 468 2616 XIV.
511 2555 641 2616 Nec
671 2551 1054 2635 Amynander
1094 2571 1265 2636 atque
1305 2551 1579 2624 Athama·
1644 2573 1769 2635 Amy.

211 2657 322 2706 nes
343 2679 365 2710 ‚
406 2634 534 2718 post
566 2634 778 2696 famam
805 2633 1089 2716 prosperae
1122 2655 1323 2716 pugnae
1364 2633 1803 2722 Roma-‘'7²2''g‘jm

213 2735 428 2778 norum
443 2762 462 2790 ‚
481 2719 844 2799 quieverunt.
866 2713 1145 2777 Ceterum
1164 2715 1547 2795 Amynander
1560 2758 1581 2784 ‚

118 2799 125 2809 “
218 2799 356 2878 quia
392 2796 493 2858 suo
540 2798 710 2858 militi
743 2816 942 2876 parum
986 2793 1201 2860 fidebat
1222 2839 1245 2876 2
1316 2797 1461 2855 etito
1504 2794 1577 2852 ab

219 2875 452 2947 consule
485 2877 718 2953 modico
743 2874 1047 2960 praesidio,
1068 2897 1249 2959 quum
1332 2874 1585 2956 omphos,
1669 2910 1675 2942 t

1260 2950 1265 2958 ι
