2004 3691
408 329 780 398 Lmen
878 326 1360 396 XXXIII.
1435 321 1570 418 1‘47

184 440 375 526 qnam
416 441 572 516 lata,
608 445 759 503 acies
799 439 981 503 effet:
1022 441 1188 504 fimul
1239 445 1304 504 &
1345 443 1564 504 densari
1597 477 1786 510 m

186 524 435 584 ordines
468 521 618 603 juffit
634 570 656 600 ,
684 541 749 585 ut
778 527 870 584 vir
892 527 1023 585 viro
1043 570 1063 600 ,
1083 543 1241 586 arma
1258 529 1426 586 armis
1445 522 1568 606 jun·
1591 536 1787 636 {lg-{g

188 622 490 688 gerentur.
1617 612 1631 628 ⁰
1684 611 1697 623 “
1773 606 1791 623 ’

287 685 389 746 IX.
404 685 679 764 Quintius
698 729 717 758 ‚
732 685 821 744 his
836 729 854 758 ‚
879 687 977 768 qui
997 686 1056 744 in
1078 685 1291 767 proelio
1307 685 1531 748 fuerant
1548 728 1568 761 ,

192 769 355 826 inter
386 764 541 847 signa
580 768 646 827 &
696 767 927 826 ordines
976 768 1259 846 acceptis,
1298 768 1438 827 tuba
1476 768 1574 829 dat

196 845 449 928 iignum.
486 847 642 908 Rarb
688 847 827 906 alias
864 863 1053 907 tantus
1099 845 1320 908 clamo'r
1369 849 1575 909 dicitur

198 930 270 988 in
324 929 605 1009 principio
697 947 863 1008 ugnae
918 943 1152 987 exortus
1186 948 1201 986 :
1244 949 1376 988 narn
1416 928 1572 990 forte

194 1025 448 1088 utraque
476 1010 629 1068 acies
652 947 818 1066 Emul
841 1007 1279 1085 conclamavere
1306 1032 1325 1083 3
1357 1029 1465 1069 nec
1489 1008 1580 1070 so-

204 1089 339 1149 lum
373 1090 472 1169 qui
509 1087 868 1170 pugnabant,
917 1085 1016 1148 sed
1062 1086 1302 1147 subsidia
1357 1092 1532 1148 etiam
1556 1134 1579 1164 ,

296 1172 428 1251 ique
448 1185 573 1228 tum
594 1169 841 1228 maxime
865 1169 925 1228 in
955 1169 1228 1249 proelium
1251 1170 1583 1234 veniebant.

200 1191 450 1311 &extro
480 1271 662 1311 cornu
693 1271 833 1323 rex,
855 1249 971 1310 loci
999 1249 1306 1330 plurimum
1329 1251 1578 1324 auxilie,

211 1351 293 1394 ex
323 1328 471 1413 jugis
507 1330 800 1393 altioribus
827 1349 1082 1412 pugnans
1105 1374 1125 1404 ,
1155 1330 1422 1392 vincebat
1461 1354 1482 1406 ;
1519 1331 1583 1393 fi-

208 1409 398 1472 nisti-o
417 1455 438 1484 ‚
460 1429 585 1471 tum
613 1431 791 1493 quum
815 1411 1063 1470 maxime
1086 1414 1582 1494 appropinquante

208 1493 516 1575 phalangis
533 1508 692 1574 parte
714 1536 734 1565 ,
752 1511 879 1630 (Ᾰιιε
895 1489 1181 1552 noviffimi
1197 1495 1438 1574 agminis
1459 1491 1584 1555 fue·

210 1589 311 1633 rat
332 1617 352 1646 ‚
382 1570 501 1633 fine
538 1572 659 1632 ullo
692 1593 761 1630 or
800 1573 895 1632 ine
932 1572 1341 1651 trepidabatur.
1379 1573 1583 1635 Media

210 1656 417 1726 acieS‚
489 1674 573 1712 uae
611 1649 719 1733 pro
763 1654 851 1711 ior
895 1652 1159 1712 dextrum
1199 1673 1376 1713 cornu
1422 1671 1583 1726 erat,

212 1733 409 1796 stabat
479 1731 713 1816 pe8acu
741 1753 777 1792 o
810 1731 975 1792 velut
1012 1731 1152 1791 nihil
1189 1734 1260 1812 ad
1311 1732 1366 1793 se
1404 1737 1586 1815 perti-

210 1816 412 1877 nentis
433 1834 637 1897 pugnae
664 1815 901 1873 intenta.
930 1812 1178 1874 Phalanx
1201 1860 1221 1889 ‚
1258 1835 1384 1898 quae
1403 1835 1590 1877 vene·

214 1914 350 1969 rat,
387 1916 592 1979 agmen
627 1894 809 1977 magis
857 1892 1030 1976 quam
1071 1897 1218 1955 acies
1237 1938 1258 1967 ,
1285 1897 1588 1978 aptiorque

212 1979 415 2041 itineri
436 2020 456 2049 ‚
488 1974 663 2057 quam
713 1994 919 2070 pugnae
941 2020 959 2050 ,
986 1974 1230 2036 vixdum
1281 1978 1339 2035 in
1385 1973 1587 2059 jugum

217 2056 505 2120 evaserat.
546 2054 613 2115 In
657 2056 765 2115 hos
811 2054 1224 2137 incompositos
1260 2054 1536 2135 Quintius
1567 2102 1589 2134 ,

216 2158 579 2223 quamquam
599 2136 809 2219 pedem
827 2134 1140 2197 referentes
1161 2139 1219 2195 in
1239 2136 1443 2198 dextro
1465 2160 1589 2199 cor-

213 2242 307 2281 nu
344 2216 475 2279 suos
510 2216 817 2288 cernebat,
847 2216 1159 2297 elephantis
1193 2219 1346 2299 prius
1371 2220 1431 2276 in
1459 2218 1590 2279 hos·

220 2318 355 2361 tem
400 2298 539 2359 affls
564 2312 595 2371 ,“
625 2301 905 2379 impeturn
947 2296 1088 2357 facit
1115 2342 1135 2372 ‚
1173 2315 1322 2358 ratus
1364 2316 1586 2379 partem

220 2380 597 2465 profligatam
637 2395 827 2438 cetera
864 2376 1182 2438 traEturam.
1233 2378 1372 2438 Non
1415 2379 1588 2439 dubia
1635 2406 1805 2446 mmm

214 2484 321 2525 res
353 2460 459 2521 fuit
492 2483 507 2520 ε
545 2458 838 2539 extemplo
866 2476 953 2519 ter
992 2480 1025 2517 a
1055 2456 1282 2519 vertere
1316 2457 1592 2521 Macedo-
1610 2458 1793 2497 “mm“

216 2562 337 2604 nes
360 2587 380 2615 ‚
402 2558 619 2601 terrore
684 2541 830 2599 rimo
852 2478 1160 2599 δείξει-ωτι
1183 2536 1378 2600 avetsl.
1399 2538 1474 2599 Et
1497 2562 1592 2602 ce·
1644 2574 1655 2581 ν

220 2624 347 2685 teri
374 2621 609 2703 quidem
681 2642 747 2679 os
775 2618 965 2701 pulsos
1000 2617 1375 2700 sequebantur
1405 2641 1420 2680 :
1445 2642 1590 2683 unus

224 2725 265 2764 e
302 2702 550 2762 tribunis
582 2700 859 2773 militum,
900 2700 1192 2781 extemplo
1228 2717 1408 2782 capto
1449 2722 1594 2762 con-

223 2783 363 2845 silio
384 2825 411 2854 ,
438 2801 573 2842 cum
608 2783 667 2839 vi
708 2782 807 2839 inti
833 2776 1122 2862 signorum
1159 2780 1431 2839 militibus
1451 2827 1471 2855 ‚
1503 2802 1597 2843 re-

220 2862 367 2925 lia&
388 2862 459 2923 ea
475 2876 636 2942 parte
677 2880 879 2921 uorum
898 2905 917 2933 ,
937 2882 1066 2941 quae
1093 2856 1243 2922 haud
1268 2860 1437 2920 dubie
1464 2864 1596 2921 vin-

222 2944 410 3009 cebat
435 2986 456 3018 ,
484 2942 651 3005 brevi
678 2942 920 3005 circuitu
955 2940 1222 3009 dextrum
1219 2961 1437 3081 Geor-nu
1469 2940 1600 3003 hos.
1659 3019 1664 3025 A

1321 3040 1362 3102 ¹1
