2004 3691
487 271 853 340 Lrssssn
953 263 1311 338 XXXI.
1488 274 1586 363 249⁴

197 393 316 444 ᾗτε
341 411 366 458 -,·
396 386 576 467 aquis
609 385 826 448 viribus
868 406 976 468 per
1012 385 1231 468 aliquot
1266 386 1434 446 horas
1479 407 1588 467 pu·
1614 407 1816 458 a&

209 483 479 546 gnarunt.
507 467 787 550 Fatigatio
834 465 1093 550 ipsorum
1132 489 1163 527 e
1247 488 1411 528 orum
1496 487 1527 526 e
1561 509 1584 542 ‚
1616 481 1702 520 Um
1722 489 1813 528 552·

211 547 440 606 incerta
468 547 749 624 νίἇὶοτίἓὶ,
783 549 1017 608 diremit
1062 571 1189 630 proe
1214 551 1349 608 ium.
1458 569 1590 609 ace-
1608 531 1815 574 ²⁸0⁴*

217 627 444 687 donum
489 629 860 712 quadraginta
895 631 1115 711 equites
1139 675 1157 702 ,
1190 628 1590 690 Romanorum

216 710 476 788 quinque
515 711 581 770 &
610 712 842 792 triginta
872 710 1219 770 ceciderunt.
1258 709 1469 792 Neque
1516 711 1593 770 eo

213 809 318 848 -ma
359 791 410 846 is
434 791 714 871 explorati
747 790 1059 870 quidquam
1080 833 1099 864 ‚
1126 793 1185 848 in
1213 811 1323 870 qua
1354 792 1596 872 regione

217 890 257 928 c
343 889 402 926 ra
431 868 684 930 hostium
720 867 896 931 effent
916 914 940 942 ,
975 887 1072 930 aut
1104 870 1186 929 illi
1230 871 1303 929 ad
1349 891 1548 953 regem
1572 915 1596 945 ‚

219 967 324 1009 aut
356 951 417 1008 hi
453 950 527 1010 ad
564 949 860 1011 consulem
899 951 1259 1012 retulerunt:
1294 971 1401 1031 per
1430 951 1597 1011 trans·

221 1029 388 1112 fugas
430 1033 730 1114 cognitum
758 1029 840 1092 est
858 1073 882 1104 ‚
911 1051 1059 1114 quos
1096 1031 1301 1090 levitas
1342 1032 1603 1114 ingenio-

219 1132 357 1171 rum
382 1154 403 1182 ,
443 1112 518 1171 ad
567 1109 996 1194 cognoscendas
1048 1109 1303 1173 hostium
1354 1131 1445 1172 res
1467 1157 1488 1187 ,
1538 1113 1599 1173 in
1654 1139 1661 1146 ·

195 1192 498 1254 &omnibus
531 1192 702 1253 bellis
783 1193 976 1254 raebet.

312 1271 594 1334 XXXIV.
634 1215 930 1356 Phiiippus
949 1318 968 1347 ‚
999 1272 1213 1355 aliquid
1254 1274 1321 1335 &
1354 1273 1427 1333 ad
1463 1273 1607 1334 cari-

229 1370 416 1415 tatem
436 1352 668 1416 suorum
691 1398 710 1427 ,
742 1357 809 1417 &
829 1370 893 1414 ut
928 1375 1099 1436 prom
1140 1357 1251 1414 tius
1268 1373 1379 1435 pro
1405 1374 1479 1414 eo
1500 1374 1603 1435 pe-

227 1435 474 1495 riculum
510 1435 770 1512 adirent,
805 1451 958 1496 ratus
986 1457 1095 1516 pro
1123 1433 1377 1494 esturum
1420 1433 1477 1494 se
1500 1481 1519 1508 ‚
1556 1433 1605 1494 fi

227 1518 531 1598 equitum,
575 1519 673 1598 qui
714 1517 1043 1578 ceciderant
1087 1519 1147 1576 in
1184 1516 1557 1598 expeditione
1581 1559 1605 1590 ,

231 1595 697 1679 sepeliendorum
727 1618 919 1657 curam
937 1595 1215 1656 habuiss'et
1236 1640 1255 1671 ‚
1284 1594 1469 1656 afferri
1500 1617 1605 1658 eos

226 1679 294 1738 in
333 1677 510 1739 castra
543 1676 694 1758 jussit
715 1723 736 1753 ,
761 1695 824 1738 ut
852 1677 1001 1738 cons
1030 1679 1271 1738 iceretur
1304 1677 1378 1736 ab
1417 1677 1606 1737 omni-

229 1759 346 1820 bus
375 1759 592 1820 funeris
623 1758 832 1819 honos
854 1757 991 1818 Nihi
1038 1774 1159 1818 tam
1185 1759 1467 1817 incertum
1496 1757 1604 1818 n'ec
1661 1799 1808 1840 Mn„

228 1857 355 1900 tam
395 1838 783 1901 inaestimabile
825 1836 907 1899 est
925 1884 946 1913 ,
989 1838 1164 1923 quam
1202 1840 1375 1898 animi
1412 1837 1603 1899 multi·
1624 1852 1739 1889 dones

229 1922 470 1982 tudinis.
493 1920 692 2001 Quod
727 1921 1114 2002 promptiores
1148 1920 1226 1979 ad
1252 1918 1605 1980 subeundam
1627 1912 1813 2000 Ξῖἶῗζζὲἷ

231 2023 478 2062 omnem
508 2002 936 2063 dimicationem
965 2001 1272 2063 videbatur
1300 1998 1603 2077 stantum,
1626 1999 1829 2095 {ssnggg

233 2082 304 2141 id
339 2098 556 2141 metum
585 2084 643 2164 pi
683 2084 982 2165 titiamque
1010 2080 1249 2142 incuffit.
1290 2079 1481 2156 Nam,
1506 2084 1606 2165 qui
1628 2110 1725 2135 rum·

235 2160 416 2222 hastis
469 2102 781 2245 sagittifque
828 2166 894 2225 &
941 2183 1067 2222 rara
1112 2162 1326 2223 lanceis
1366 2163 1612 2223 vulnera

234 2241 386 2303 facia
413 2241 676 2304 vidissent
693 2288 714 2317 ,
737 2264 872 2303 cum
901 2240 1121 2303 Graecis
1156 2240 1477 2323 Illyriisque
1512 2263 1613 2323 pu-

239 2344 415 2406 gnare
439 2321 634 2383 affueti
653 2370 674 2398 ‚
697 2324 1002 2406 postquam
1036 2323 1231 2405 gladio
1257 2322 1369 2381 His
1400 2322 1615 2383 anienfi

237 2406 575 2465 detruncata
612 2426 858 2487 corpora
901 2404 1145 2463 brachiis
1194 2344 1414 2463 abscidi}
1444 2448 1464 2477 ,
1512 2421 1614 2464 aut

237 2485 368 2545 tota
399 2488 628 2545 cervice
666 2484 887 2551 defeci&-
938 2481 1117 2544 divisa
1158 2504 1191 2543 a
1228 2504 1475 2565 corpore
1518 2506 1616 2545 ca·

197 2582 202 2586 ’
237 2569 364 2649 pita
385 2610 406 2638 ,
440 2567 802 2646 patentiaque
851 2563 1071 2625 viscera
1092 2609 1111 2638 ‚
1172 2565 1237 2626 δε
1291 2562 1612 2627 foeditatem

237 2648 420 2706 aliam
459 2646 764 2705 vulnerum
802 2646 1075 2705 viderunt
1098 2691 1119 2721 ,
1164 2645 1440 2705 adversus
1484 2667 1613 2727 quae

241 2726 364 2786 tela
405 2724 660 2807 quosque
695 2730 853 2787 viros
892 2726 1260 2807 pugnandum
1286 2723 1470 2799 esset,
1518 2748 1619 2807 pa-

242 2806 370 2869 vidi
414 2806 596 2889 vulgo
634 2806 962 2867 cernebant.
1001 2804 1029 2866 I
1073 2804 1202 2866 sum·
1242 2828 1475 2947 tamque
1522 2827 1615 2866 re-

245 2908 386 2972 gem
419 2901 608 2947 terror
649 2890 842 2971 cepit,
885 2908 1009 2951 non
1050 2908 1147 2973 um
1198 2884 1261 2969 ju
1312 2910 1349 2947 o
1408 2887 1622 2969 proelio

339 2968 537 3028 Tomus
577 2970 650 3033 V.
1330 2964 1389 3042 ,(3.
