2004 3691
431 292 800 383 LJBssR
897 288 1385 361 XXXIII.
1462 267 1596 384 1⁶49

193 405 368 467 mani
396 405 660 467 vieidres
679 408 740 467 in
769 390 950 469 castre
980 407 1229 470 hostium
1260 407 1357 491 spe
1384 408 1597 490 praedae
1621 437 1814 469 εει-..η

147 498 153 505 ’
192 488 438 547 irruunt
475 509 496 562 3
529 490 740 548 verum
780 508 851 549 ea
895 510 1105 571 magna
1154 488 1272 571 jam
1311 509 1383 549 ex
1432 506 1596 570 parte
1620 490 1813 583 ῠ-ἑ-ςςς·

197 566 452 648 direpta
479 568 554 627 ab
573 568 786 629 AEtolis
825 571 1149 630 inveniunt.
1188 566 1349 629 Caesa
1387 588 1461 629 eo
1498 554 1653 630 die⁸'
1704 554 1815 595 ‘⁸⁹⁷’

197 644 342 707 oao
367 645 626 708 hostium
647 649 857 723 millia,
917 654 1129 731 uinque
1154 666 1333 732 capta.
1362 647 1449 709 Ex
1471 652 1594 709 vic-

199 726 446 788 toribus
500 727 841 811 septingenti
877 672 1071 790 }erme
1128 731 1477 791 ceciderunt.
1531 727 1593 789 Si

194 804 464 868 Valerio
499 811 625 889 quis
675 810 867 870 credat
887 855 907 884 ,
942 814 1203 871 omnium
1246 830 1437 871 rerum
1477 812 1593 869 im—

192 887 456 950 modice
475 910 776 951 numerum
796 912 866 951 au
906 894 1023 951 enti
1039 937 1059 967 ‚
1114 892 1443 973 uadraginta
1462 890 1593 949 mi}-

197 968 281 1029 lia
313 966 578 1029 hostium
611 991 686 1030 eo
723 971 816 1031 die
874 988 976 1033 unt
1008 992 1091 1031 cae
1116 993 1148 1032 a
1184 992 1205 1045 ;
1248 987 1411 1051 capta
1430 1014 1451 1043 ‚
1487 972 1588 1030 ubi

197 1046 540 1109 modestius
567 1051 935 1112 mendacium
972 1050 1053 1112 est
1076 1096 1097 1125 ,
1161 1052 1376 1133 uinque
1410 1050 1589 1115 millia

199 1127 606 1212 septingenti,
636 1129 793 1215 figna
836 1132 1099 1193 militaria
1120 1072 1373 1192 {neema
1410 1150 1591 1192 unum.
1629 1130 1634 1134 ’

199 1211 274 1273 8(
313 1211 718 1293 quadraginta.
758 1209 1035 1272 Claudius
1076 1230 1309 1294 quoque
1353 1210 1471 1272 duo
1520 1212 1591 1273 δε

199 1292 454 1373 triginta
484 1292 664 1352 millia
696 1290 946 1353 hostium
980 1292 1122 1352 caesa
1155 1292 1345 1353 scribit
1365 1337 1385 1366 ,
1421 1309 1589 1373 capta

200 1388 470 1453 quatuor
494 1374 674 1433 millia
707 1375 773 1435 δι
798 1390 1106 1435 trecentos.
1146 1372 1275 1433 Nos
1306 1394 1428 1434 non
1471 1375 1589 1432 mi·-

197 1454 374 1515 nimo
408 1451 760 1535 potiffimhm
791 1476 1039 1516 numero
1077 1454 1425 1514 credidimus
1442 1498 1463 1527 ,
1485 1452 1587 1514 sed

202 1532 538 1616 Polybium
560 1532 737 1595 secuti
760 1534 950 1595 sumus
966 1580 986 1610 ‚
1002 1556 1127 1596 non
1148 1536 1429 1595 incertum
1450 1556 1588 1593 auc-

201 1628 410 1677 torem
482 1635 660 1697 quum
724 1617 986 1677 omnium
1040 1615 1432 1677 Romanarum
1496 1636 1586 1673 re-

203 1714 340 1755 rum
364 1741 384 1768 ‚
417 1712 545 1754 tum
567 1698 858 1790 praecipue
889 1698 950 1755 in
979 1694 1207 1755 Gra-‚cia
1238 1692 1541 1777 gestarum.
1578 1750 1583 1755 .

291 1773 408 1835 XI.
440 1774 763 1858 Philippus,
784 1774 1042 1838 colleffls
1058 1796 1132 1835 ex
1144 1774 1279 1858 fu'ga
1295 1818 1315 1848 ,
1335 1774 1465 1856 qui,
1489 1795 1592 1834 va-

204 1856 310 1914 riis
345 1854 568 1916 cafibus
591 1871 818 1940 'pugnae
869 1853 1111 1936 diffipati
1133 1899 1153 1928 ‚
1184 1853 1421 1936 vestigia
1464 1851 1588 1933 ejus

207 1935 398 1998 secuti
434 1934 656 1998 fuerant
683 1983 703 2013 ,
729 1935 909 1999 miffis
939 1957 1013 1999 ue
1034 1935 1299 1997 Lariffam
1329 1936 1405 1995 ad
1432 1955 1588 1994 com-

210 2019 535 2078 mentarios
569 2021 760 2100 regios
793 2039 928 2080 com
969 2018 1219 2078 urendos
1238 2059 1258 2089 ‚
1281 2035 1355 2076 ne
1377 2017 1437 2074 in
1463 2013 1593 2074 hos-

206 2099 360 2157 tium
392 2099 662 2160 venirent
696 2097 1035 2179 potestatem
1052 2142 1071 2170 ‚
1095 2099 1155 2158 in
1183 2095 1591 2156 Macedoniam

213 2175 516 2239 conceffit.
545 2178 825 2259 Quintius
841 2222 861 2251 ‚
889 2180 1131 2257 captivis
1158 2176 1468 2258 praedfique
1489 2197 1591 2235 ve-

209 2260 512 2320 numdatis
531 2302 553 2331 ,
584 2261 792 2339 partim
839 2259 1007 2319 militi
1054 2255 1329 2318 conceffis
1348 2300 1368 2328 ‚
1400 2254 1589 2315 Laris-

213 2337 342 2400 sam
381 2338 464 2398 est
499 2337 786 2419 profeffis
806 2383 826 2412 ‚
859 2337 1169 2398 hauddum·
1182 2336 1310 2396 satis
1348 2355 1549 2418 gnarus
1569 2379 1589 2408 ‚

219 2437 405 2500 quam
437 2423 734 2499 regionem
765 2416 987 2498 petiss'et
1016 2437 1155 2488 rex,
1190 2415 1405 2496 quidve
1437 2435 1592 2496 par-a-

217 2515 332 2559 ret.
363 2497 732 2560 Caduceator
765 2499 838 2558 eb
868 2499 1056 2580 regius
1082 2497 1281 2568 venit,
1311 2493 1497 2574 specie
1526 2511 1591 2554 ut
1664 2503 1794 2542 Cadu-

215 2579 470 2640 induciae
489 2575 667 2638 essent
688 2623 707 2654 ,
729 2578 917 2640 donec
947 2576 1281 2637 tollerentur
1300 2575 1372 2636 ad
1399 2573 1590 2655 sepul-
1614 2563 1801 2648 3333„

218 2675 450 2730 turam,
477 2660 577 2740 qui
611 2660 670 2718 in
703 2662 821 2719 acie
849 2655 1173 2720 cecidissent
1197 2678 1217 2730 3
1259 2675 1319 2716 re
1342 2657 1482 2715 vera
1514 2655 1587 2734 ad
1606 2649 1810 2741 5225„

220 2739 537 2821 petendam
555 2741 784 2800 veniam
801 2739 1002 2822 legatis
1016 2736 1327 2798 mittendi&
1346 2735 1587 2796 Utrum·
1614 2750 1751 2792 manu.

226 2839 346 2966 que
388 2820 458 2880 ab
486 2819 766 2880 Romano
809 2821 1193 2902 impetratum.
1237 2814 1484 2896 Adjeeta
1525 2817 1591 2877 &

225 2921 248 2960 ι

271 2899 327 2964 la
357 2921 514 2978 vox,
552 2903 714 2968 Bono
742 2902 926 2963 animo
963 2897 1063 2978 effe
1082 2919 1245 2983 regem
1276 2894 1594 2986 uttjubepct,

1192 2974 1351 3059 GiiJ
