2004 3691
551 255 924 325 Lzssssn
1024 255 1387 326 XXXI.
1574 273 1658 353 55

281 362 400 430 bus
433 370 698 452 peditum
727 391 960 454 quoque
993 373 1177 453 copiis
1206 393 1309 432 rex
1330 368 1662 455 congressus
1686 395 1881 428 εει-ι

279 449 474 510 fuiffet
508 499 529 528 ,
577 451 812 514 forsitan
867 457 1016 513 inter
1064 455 1372 514 tumultum
1410 499 1430 529 ‚
1480 471 1661 536 quum
1686 450 1889 545 occ-{222

283 552 496 592 omnes
535 533 670 594 vieti
718 550 992 616 metuque
1040 533 1285 616 perculsi
1337 555 1407 594 ex
1452 535 1663 616 proelio
1682 515 1722 547 ⁸⁰
1764 527 1777 542 “

283 615 438 672 intra
458 615 678 675 vallum
699 661 719 690 ‚
739 618 1013 698 protinus.
1026 617 1161 678 inde
1184 615 1663 696 supervadentem

287 697 652 756 munimenta
705 695 994 758 vifiorem
1052 695 1279 758 hostem
1337 695 1601 780 fugerent
1640 705 1667 772 ²,

291 773 452 836 exsui
490 775 682 837 castris
708 779 962 858 potuerit
998 799 1101 838 rex
1137 801 1153 838 ε
1190 799 1369 860 quum
1393 780 1541 837 verb
1576 780 1669 837 in·-

291 871 472 937 tegrae
493 859 678 939 copiae
717 858 979 938 peditum
1010 861 1071 919 in
1092 858 1283 920 castris
1302 856 1625 922 manfiffent
1644 903 1666 934 ,

285 933 564 998 stationes
603 954 732 999 ante
771 956 966 1020 portas
987 984 1011 1012 ‚
1050 938 1435 1021 praefidiaque·
1467 937 1665 1021 dispo·

287 1015 399 1077 fita
429 1015 608 1079 essent
628 1063 651 1091 ,
687 1020 828 1100 quid
851 1062 871 1093 ,
911 1019 1017 1081 nifi
1059 1037 1122 1081 ut
1150 1023 1535 1082 temeritatem
1583 1039 1665 1079 re-

287 1100 383 1180 gis
401 1141 420 1170 ,
441 1096 616 1159 effuse
645 1100 818 1181 paulo
839 1101 970 1160 ante
989 1100 1167 1162 secuti
1190 1099 1485 1224 geoemsos
1508 1101 1666 1181 equi-

287 1195 421 1253 tes,
451 1181 765 1240 imitaretur
790 1224 809 1255 ‚
847 1181 1172 1264 profeciss'et
1200 1227 1215 1242 .
1258 1181 1469 1263 Neque
1508 1182 1666 1242 enim

288 1281 376 1319 ne
404 1262 552 1342 regis
594 1261 832 1342 quidem
869 1265 1121 1344 primum
1164 1260 1460 1331 confiki-um
1482 1305 1501 1336 ‚
1542 1281 1663 1344 quo

292 1342 583 1421 impetum
599 1343 658 1401 in
674 1341 1115 1404 frumentatores
1212 1343 1353 1404 latos
1375 1363 1479 1424 per
1493 1363 1662 1426 agros

287 1419 440 1481 fecit
460 1466 479 1495 ,
517 1423 1057 1504 reprehendendum
1112 1365 1263 1485 get
1284 1469 1303 1498 ,
1327 1423 1383 1484 .fi
1420 1425 1663 1485 mod-um

289 1501 588 1584 prosperae
634 1524 840 1586 pugnae
873 1503 1243 1587 imposuiffet.
1290 1505 1383 1568 Εὸ
1428 1521 1663 1588 quoque

287 1585 484 1644 minus
505 1582 588 1644 est
619 1586 828 1644 mirum
850 1630 869 1659 ,
897 1583 1134 1648 tentaffe
1168 1605 1303 1646 eum
1340 1581 1661 1658 fortunam,

285 1665 460 1746 quod
492 1663 643 1725 fama
665 1681 786 1725 erat
803 1709 824 1737 ,
857 1665 1181 1730 Pleuratum
1202 1665 1619 1748 Dardanosque
1642 1708 1661 1739 ‚

291 1748 358 1806 in
400 1746 624 1805 entibus
665 1747 848 1825 copiis
933 1745 1185 1808 rofefims
1221 1747 1439 1821 domo,
1461 1744 1578 1826 jam
1600 1747 1661 1804 in

291 1766 708 1889 fficedonnm
735 1843 860 1887 tran
905 1825 1151 1889 cendisse
1186 1850 1207 1901 3
1237 1827 1441 1909 quibus
1475 1824 1518 1887 fi
1556 1845 1662 1886 un-

296 1908 478 1989 dique
497 1909 920 1968 circumventus
946 1912 1131 1989 copiis
1158 1907 1310 1969 foret
1326 1953 1345 1981 ‚
1366 1907 1660 1969 sedentem
1698 1934 1703 1939 ·

296 1988 631 2049 Romanum
657 1988 1079 2049 debellaturum
1090 2032 1109 2061 ,
1122 1989 1277 2049 credi
1299 2005 1540 2069 poterat.
1554 1987 1662 2048 Ita·-

299 2090 459 2150 que,
502 2067 812 2131 secundum
863 2070 1002 2130 duas
1054 2068 1319 2129 adversas
1370 2067 1662 2151 equestres

298 2170 519 2233 pugnas
538 2194 558 2223 ‚
587 2150 774 2209 multo
801 2153 988 2210 minus
1021 2166 1201 2210 tunm
1235 2168 1461 2211 moram
1492 2152 1551 2209 in
1575 2148 1667 2210 iis-

297 2230 454 2291 dem·
475 2229 690 2292 stativis
723 2229 850 2291 fore
895 2230 1191 2313 Philippus
1230 2247 1382 2291 ratus
1415 2276 1435 2305 ‚
1483 2247 1663 2311 quum
1729 2247 1889 2303 Panep-

298 2311 460 2372 abire
487 2311 624 2373 inde
667 2311 732 2372 δε
751 2310 946 2372 fallere
967 2312 1165 2371 abiens
1194 2310 1421 2371 hostem
1442 2311 1626 2371 vellet
1646 2355 1665 2383 ‚
1684 2314 1767 2395 ᾖξ’.
1784 2313 1888 2340 “““

298 2392 676 2453 caduceatore
723 2390 822 2451 sub
861 2392 1127 2452 occasum
1165 2389 1299 2451 solis
1336 2390 1409 2450 ad
1459 2390 1667 2453 consu-

298 2473 419 2533 lem
438 2470 600 2533 misso
613 2517 634 2547 ,
652 2475 751 2555 qui
766 2472 1024 2532 inducias
1041 2471 1115 2531 ad
1126 2469 1487 2553 sepeliendos
1506 2476 1667 2557 equi-

297 2570 391 2619 tes
411 2569 634 2633 peteret
655 2598 672 2625 ‚
692 2550 978 2613 frustratus
1008 2550 1234 2614 hostem
1255 2599 1275 2629 ,
1300 2552 1543 2614 secunda
1572 2559 1665 2615 vi·

299 2634 443 2715 gili&
461 2677 482 2706 ‚
505 2633 698 2693 multis
741 2634 964 2715 ignibus
1001 2654 1107 2714 per
1139 2650 1259 2695 tota
1290 2633 1471 2696 castra
1501 2635 1661 2705 relic-

293 2717 376 2776 tis
397 2756 416 2784 ‚
458 2710 640 2773 {ilenti
751 2717 904 2775 mine
945 2715 1103 2777 abiit.

379 2792 666 2855 XXXIX.
769 2817 942 2876 orpus
981 2793 1097 2875 jam
1152 2795 1381 2855 curabat
1424 2792 1668 2869 const11;

293 2896 476 2963 quum
497 2918 519 2950 ,
553 2873 768 2943 veniss'e
789 2876 1227 2941 caduceatorem
1245 2877 1379 3017 ’C&·
1396 2874 1667 2959 quidyea

1364 2974 1428 3018 ιν
