2004 3691
428 281 567 378 ,¹⁶4
813 282 1421 360 Ίὶιινιι

210 427 407 458 ===
428 397 540 460 esse
576 397 853 460 Romanis
888 398 1252 460 liberantibus
1275 397 1584 462 Graeciam.
1621 395 1809 462 Cora:

215 481 409 573 ⁰3⁶5*
430 477 643 541 cesmm
706 500 780 541 eo
839 496 1104 558 tempore
1152 480 1478 540 Antiochus
1529 501 1569 540 o
1617 479 1810 540 eribus

214 544 273 584 ⁸⁹·
306 545 411 584 ‘¹⁹⁷'
434 581 593 699 op¹pu
636 559 820 620 nabat.
839 559 1139 640 Zephyrio
1157 603 1175 632 ‚
1195 561 1258 621 &
1275 559 1456 632 Solis,
1477 563 1542 622 &
1625 560 1810 641 phro-

422 695 433 702 .
520 662 573 700 m
616 661 648 700 e
666 683 687 714 ‚
724 641 789 701 &
820 637 1065 720 Coryco
1082 685 1103 714 ,
1125 642 1190 702 &
1209 685 1230 714 ‚
1254 638 1516 722 superato
1543 639 1814 700 Anemu-

431 722 523 782 rio
552 719 1060 801 (promontorium
1079 720 1141 780 id
1163 741 1397 803 quoque
1419 719 1642 786 Ciliciae
1676 719 1808 800 est)

422 800 728 864 ‚Selinunte
780 818 1018 880 recepto
1051 846 1071 875 ,
1118 802 1387 861 omnibus
1435 802 1521 860 his
1563 799 1811 882 aliisque

439 880 563 962 ejus
592 903 710 942 orae
744 880 979 942 castellis
1005 926 1025 955 ,
1053 897 1149 940 aut
1181 898 1340 942 metu
1361 923 1381 952 ‚
1411 898 1504 942 aut
1525 881 1815 942 volunta-

334 1017 343 1026 .
434 979 530 1037 te,
574 960 691 1022 fine
728 964 1073 1035 certamine,
1102 963 1163 1020 in
1202 962 1560 1023 deditionem
1601 981 1813 1042 accep·

436 1045 511 1104 tis
530 1085 551 1116 ‚
583 1041 953 1104 Coracefium
1028 1058 1194 1102 raeter
1222 1041 1254 1102 s
1285 1064 1380 1103 em
1403 1040 1600 1103 clausxs
1623 1045 1822 1122 portis

437 1125 671 1188 tenebat
690 1144 841 1184 eum.
874 1120 961 1185 Ibi
1015 1124 1162 1204 egati
1189 1066 1558 1184 Rfiodiorum
1579 1123 1767 1183 auditi
1793 1143 1814 1196 3

441 1205 509 1268 &
541 1224 885 1287 quamquam
917 1224 985 1263 ea
1005 1204 1218 1284 legatio
1253 1219 1410 1278 erat,
1442 1225 1569 1286 quae
1593 1223 1820 1263 accen-

442 1285 581 1345 dere
618 1286 839 1366 regium
890 1285 1145 1344 animum
1190 1283 1374 1366 posset
1395 1328 1416 1357 ,
1453 1285 1817 1365 temperavit

438 1367 537 1426 irae
554 1409 575 1438 ,
600 1364 665 1425 &
680 1409 701 1438 ,
716 1365 949 1446 Legatos
952 1361 1016 1442 s}
1025 1365 1273 1439 Rhodum
1293 1363 1558 1444 mfftmm
1577 1362 1822 1446 respon-

344 1447 349 1452 ’
432 1444 558 1518 dit,
592 1443 759 1534 iisque
801 1448 1177 1506 mandaturum
1199 1490 1222 1517 ,
1259 1463 1320 1504 ut
1355 1464 1674 1506 renovarent
1720 1467 1818 1506 ve-

444 1527 583 1607 tusta
644 1547 742 1586 ura
757 1569 777 1600 ‚
816 1547 935 1584 cum
954 1547 1036 1584 -ea
1069 1526 1289 1586 civitate
1312 1571 1337 1598 ‚
1367 1524 1477 1603 sua
1511 1523 1819 1604 majorum-

438 1628 545 1687 que
563 1547 782 1684 dorum
815 1628 842 1678 ,·
874 1605 929 1668 6·
968 1623 1203 1666 vetarent
1227 1628 1317 1666 eos
1349 1610 1642 1667 adventum
1682 1627 1822 1686 per-

444 1684 704 1765 timefiere
738 1689 910 1768 regis,
945 1686 1092 1748 nihil
1120 1685 1209 1748 Itis
1257 1703 1357 1747 aut
1401 1685 1576 1765 sociis
1627 1707 1818 1746 eorum

444 1787 604 1828 ποκα
628 1765 873 1847 fittumm
887 1765 1148 1848 ftaudive
1181 1788 1196 1826 ε
1234 1789 1363 1827 nam
1384 1812 1404 1842 ,
1437 1771 1819 1828 Romanorum

440 1850 740 1910 amicitiam
760 1845 823 1925 se
858 1868 967 1907 non
998 1848 1328 1908 viel-mrum
1349 1892 1372 1919 ,
1405 1866 1722 1931 argumento
1759 1850 1836 1909 5·-

435 1926 597 2007 ficam
627 1945 875 1988 recentem
902 1930 981 1989 ad
998 1949 1090 1986 eos
1119 1927 1435 2011 legationem
1461 1928 1564 2007 effe
1581 1974 1604 2001 ,
1641 1930 1705 1989 6·
1722 1927 1821 2007 sea-

445 2008 611 2068 natzis
653 2008 945 2084 honorifica
980 2008 1040 2067 in
1073 2004 1137 2085 fi
1175 2012 1386 2071 decreta
1435 2006 1816 2093 responsaque.

447 2086 607 2147 Tum
638 2086 786 2148 forte
824 2088 879 2149 le
918 2089 992 2147 ati
1029 2087 1314 2149 redierant
1345 2088 1418 2149 ab
1457 2088 1686 2163 Roma,
1714 2112 1818 2151 co·

443 2168 615 2229 miter
648 2168 825 2227 auditi
864 2106 1184 2249 ‹fimiffique
1212 2213 1233 2243 ,
1261 2186 1326 2230 ut
1357 2187 1476 2231 tem
1517 2191 1584 2230 us
1614 2168 1818 2250 postu·

442 2248 599 2309 labat
616 2292 637 2323 ‚
671 2250 891 2311 incerto
925 2248 1109 2311 adhuc
1153 2249 1425 2313 advershs
1518 2250 1816 2332 hilippum

448 2345 659 2391 eventu
699 2327 857 2389 belli.
896 2327 1104 2407 Quum
1154 2331 1276 2391 haec
1315 2329 1502 2413 ,legati
1549 2333 1706 2413 regis
1754 2334 1817 2393 in

446 2410 729 2471 concione
758 2408 1121 2472 Rhodiorum
1139 2428 1373 2492 agerent
1396 2455 1416 2484 ‚
1440 2414 1672 2471 nuntius
1711 2432 1821 2472 ve-

448 2492 566 2563 nit,
584 2489 932 2549 debellatum
950 2490 1021 2549 ad
1034 2486 1500 2573 Cynoscephalas
1521 2490 1819 2553 effesnoc

446 2570 649 2633 nuntio
685 2586 922 2649 accepto
947 2613 968 2644 ,
999 2568 1281 2644 Rhodiis,
1314 2572 1448 2631 dem
1488 2588 1550 2633 to
1573 2588 1744 2633 metu
1779 2594 1816 2634 a

448 2649 711 2729 Philippo
736 2652 930 2723 omni,
956 2666 1076 2712 erat
1097 2650 1391 2713 confilium
1410 2594 1650 2715 ossviiun
1667 2664 1820 2714 eun·

452 2729 513 2793 di
560 2728 720 2793 class'e
761 2729 1075 2795 Antiocho.
1112 2730 1286 2791 Illam.
1328 2731 1558 2793 alteram
1612 2753 1820 2796 euram

451 2830 570 2884 non
603 2808 909 2877 omiserunt
924 2855 944 2886 ‚
966 2812 1194 2876 tuendae
1215 2813 1484 2873 Isbertatis
1507 2813 1820 2876 civitatum

440 2888 725 2957 sociatum
746 2888 1083 2966 Ptolemaei,
1113 2892 1319 2980 quibus
1339 2892 1562 2957 bellum
1585 2894 1661 2959 ab
1679 2893 1822 3000 An·-
