2004 3691
513 280 882 347 LIB’ER
981 274 1337 343 XXXI.
1527 288 1616 363 29

235 390 479 473 egregie
523 395 604 452 rei
653 391 921 475 gerendae
954 388 1065 452 fuit
1090 436 1111 465 ‚
1146 387 1190 449 fi
1234 390 1496 471 protinus
1542 388 1623 449 de
1646 408 1840 443 22:2-

247 476 351 533 via
385 472 463 531 ad
499 472 675 533 castra
704 474 1093 556 oppugnanda
1142 469 1395 531 duxiffet.
1441 469 1621 531 Palati
1644 469 1847 560 {³322ssss

249 549 453 631 paffim
491 576 566 616 va
605 555 839 613 abantur
877 575 982 635 per
1036 574 1241 635 εει-οε,
1288 552 1449 611 nullo
1492 549 1621 610 satis
1666 546 1680 561 ⁰

251 628 424 693 firmo
462 575 659 695 reliffio
694 633 974 716 praefidio.
1007 632 1337 694 Laffitudini
1374 632 1624 691 militum

248 715 482 787 timuit,
518 716 677 798 quod
719 736 782 775 ra
825 718 927 774 tim
963 714 1195 774 ducium
1231 732 1441 795 agmen
1484 727 1627 772 erat.

249 790 451 867 Galli,
486 796 742 856 clamore
767 738 998 857 (iiorum
1038 816 1109 855 ex
1131 816 1164 853 a
1204 797 1278 853 ris
1319 794 1625 865 revocati,

251 871 454 935 omina
492 876 688 959 praeda
709 922 727 952 ,
765 898 892 958 quae
916 878 976 935 in
1014 814 1275 935 manibus
1308 890 1428 934 erat
1451 919 1473 949 ‚
1502 870 1627 932 cas-
1692 890 1697 895 ·

213 978 218 981 ·
251 971 340 1015 tra
381 960 709 1038 repetivere
733 1003 752 1031 ‚
796 959 864 1018 &
915 954 1147 1037 postero
1190 954 1285 1015 die
1336 958 1399 1013 in
1445 954 1630 1013 aciem

253 1036 574 1117 progressi:
605 1058 715 1097 nec
750 1036 1053 1097 Romanus
1083 1055 1307 1095 moram
1335 1033 1633 1129 pugnandi

133 1140 164 1145 -
257 1114 403 1175 fecit
440 1138 459 1191 ·‚
489 1116 589 1177 sed
622 1119 723 1178 vix
752 1116 988 1199 spatium
1025 1115 1335 1177 instruendi
1368 1114 1513 1187 fu1t3
1556 1134 1631 1173 eo

265 1195 432 1257 cursu
468 1197 660 1258 hostes
691 1201 751 1257 in
783 1199 1055 1279 proelium
1081 1214 1380 1257 venerunt.
1408 1194 1633 1256 Dextra
1671 1205 1857 1247 Proelium

265 1277 358 1349 ala
393 1274 496 1357 (in
537 1279 653 1338 alas
704 1278 951 1339 divisum
985 1277 1259 1338 socialem
1311 1278 1629 1337 exercitum
1654 1272 1735 1344 ἵζω
1752 1254 1861 1341 5:1-

266 1356 559 1439 habebat)
596 1362 654 1417 in
676 1361 862 1441 prima
893 1361 1017 1419 acie
1046 1358 1236 1418 locata
1266 1356 1346 1417 est
1373 1360 1473 1431 ·‚in
1502 1356 1633 1417 sub-
1658 1354 1813 1443 222⁰·

261 1437 420 1498 *fidiis
458 1441 585 1500 duae
622 1438 904 1499 Romanae
967 1439 1022 1498 le
1062 1440 1247 1499 ioneS.
1296 1438 1386 1498 M.
1433 1437 1636 1498 Furius

269 1520 488 1583 dextrae
521 1520 655 1593 alaz,
685 1518 1011 1615 legionibus
1026 1458 1126 1579 ᾗ.
1154 1517 1421 1581 Caecilius
1438 1564 1456 1593 ,
1480 1520 1642 1598 equi-

271 1600 429 1662 tibus
469 1600 539 1661 L.
573 1599 836 1661 Valerius
879 1600 1116 1661 Flaccus
1165 1598 1389 1681 (legati
1436 1620 1644 1659 omnes

275 1680 486 1763 erant)
580 1680 841 1763 raepofiti.
880 1680 1099 1741 Praetor
1137 1678 1329 1739 secum
1366 1680 1511 1739 duos
1558 1678 1650 1740 le-

279 1778 446 1843 gatos
465 1806 485 1835 ,
553 1784 636 1822 m.
673 1763 980 1821 Laetorium
1005 1763 1069 1822 &
1106 1759 1167 1820 Ρ.
1198 1758 1485 1819 Titinium
1504 1805 1522 1834 ‚
1551 1760 1654 1819 ha-

277 1842 455 1904 bebat
488 1864 508 1916 ;
537 1864 672 1902 cum
754 1840 916 1904 uibus
940 1840 1371 1924 circumspicere
1397 1842 1461 1903 &
1486 1840 1653 1902 obire

279 1924 354 1984 ad
391 1944 598 1983 omnes
626 1865 875 1984 hostium
915 1921 1130 1984 subitos
1171 1939 1411 1983 conatus
1446 1921 1654 2004 posset.

279 2005 479 2065 Primo
524 2002 721 2076 Galli,
756 2005 916 2064 omni
953 2003 1321 2064 multitudine
1362 2005 1423 2062 in
1474 2024 1657 2064 unum

283 2086 482 2144 locum
501 2087 765 2157 connixi,
785 2084 1033 2144 obruere
1052 2101 1221 2164 atque
1239 2083 1507 2145 obterere
1538 2081 1655 2144 sese

288 2165 550 2225 dextram
584 2165 729 2225 alam
750 2209 769 2238 ‚
802 2184 930 2247 quae
960 2167 1149 2245 prima
1183 2180 1301 2224 erat
1322 2210 1341 2239 ‚
1365 2161 1659 2246 sperarunt

283 2244 447 2328 posse
474 2267 490 2306 ι
527 2246 626 2305 ubi
658 2245 720 2306 id
758 2266 959 2326 parum
997 2245 1350 2326 procedebat
1370 2290 1390 2319 ,
1414 2247 1661 2307 circum-

287 2327 492 2385 venire
527 2347 560 2385 a
610 2326 878 2386 cornibus
903 2371 922 2398 ‚
979 2327 1045 2387 &
1092 2323 1360 2405 amplecti
1405 2321 1657 2385 hostium

291 2409 478 2466 aciem
513 2403 718 2486 (quod
749 2407 810 2464 in
840 2406 1204 2466 multitudine
1228 2405 1501 2466 adversiis
1527 2427 1660 2486 pau·
1759 2428 1765 2432 ·

293 2507 399 2548 cos
435 2483 602 2546 facile
644 2484 991 2567 videbatur)
1035 2487 1220 2546 conati
1267 2483 1413 2548 sunt.
1454 2485 1521 2547 Id
1564 2487 1665 2548 ubi

289 2567 446 2644 yidit
522 2583 732 2638 rector,
772 2583 836 2625 ut
878 2567 942 2628 &
977 2568 995 2624 i
1044 2564 1097 2626 se
1132 2567 1389 2627 dilataret
1436 2571 1617 2627 aciem
1641 2612 1663 2641 ,

296 2648 440 2709 duas
504 2649 737 2729 egiones
771 2666 842 2705 ex
878 2587 1131 2708 subsidiis
1170 2647 1369 2707 dextra
1401 2649 1667 2730 laevaque

295 2730 402 2790 alae
421 2773 442 2802 ,
475 2749 603 2808 quae
637 2730 696 2786 in
719 2728 908 2807 prima
928 2728 1049 2787 acie
1067 2727 1391 2810 pugnabat,
1426 2731 1668 2787 circum-

298 2809 433 2880 dat,
476 2809 661 2868 aedem
747 2828 778 2867 e
811 2807 925 2868 deo
963 2808 1097 2869 Jovi
1133 2810 1337 2882 vovit,
1384 2805 1428 2866 fi
1467 2829 1539 2868 eo
1570 2807 1668 2867 die

297 2888 494 2954 hostes
531 2886 648 2952 fud·
697 2904 774 2952 et.
809 2887 874 2952 L.
899 2888 1139 2952 Valerio
1176 2891 1417 2970 imperat
1441 2932 1459 2960 ‚
1489 2904 1553 2948 ut
1585 2887 1667 2947 al·

1273 2968 1322 3031 B
1366 2965 1427 3049 iij
