2004 3691
353 290 733 367 'LIBER
831 292 1251 365 XXXII.
1354 290 1497 386 '117

95 400 324 471 Attalo
378 426 675 487 coronam
709 428 942 471 auream
993 409 1307 472 ducentum
1356 428 1497 494 qua·
1519 435 1717 475 2222?-

99 490 386 575 draginta
408 491 505 553 sex
527 492 728 574 pondo
747 495 808 551 in
830 490 1129 573 Capitolio
1194 490 1499 568 osuerunt3
1517 497 1715 589 Uet-554·

103 572 442 655 gratiasque
462 572 669 633 senatui
689 591 953 655 egerunt,
1010 572 1128 631 uod
1206 572 1496 647 ntiochus,
1516 561 1553 588 ³'
1594 546 1717 599 '¹⁹⁸'

105 652 446 734 legatorum
475 653 874 714 Romanorum
905 593 1237 713 aquritate
1269 669 1495 729 motus,

105 730 334 793 finibus
363 734 543 795 Attali
574 738 889 795 exercitum
917 730 1249 793 deduxisset.
1276 732 1499 795 Eadem

113 812 322 875 aestate
351 817 570 897 equites
597 815 860 889 ducenti,
875 815 946 874 &-
955 813 1244 894 elephanti
1263 815 1501 890 decem,

116 895 190 955 &
218 897 396 955 tritici
430 895 692 957 modifim
729 896 978 956 ducenta
1013 894 1227 969 millia,
1255 896 1326 955 ab
1360 916 1499 979 rege

117 973 416 1035 Mafiniss'a
439 976 516 1036 ad
539 976 889 1051 exercitum,
941 976 998 1035 ui
1020 979 1078 1035 in
1093 972 1325 1036 Graecia
1346 995 1501 1053 erat,

114 1075 537 1137 pervenerunt.
585 1054 738 1116 Item
785 1076 858 1116 ex
899 997 1094 1115 §icilia
1131 1054 1505 1139 Sardiniaque

121 1156 228 1196 ma
271 1138 333 1195 ni
361 1153 715 1197 commeatus
730 1181 750 1209 ‚
773 1138 838 1197 &
860 1134 1203 1197 vestimenta
1231 1140 1507 1200 exercitui

125 1218 214 1276 mi
299 1260 318 1277 .
369 1215 622 1277 Siciliam
673 1218 762 1279 M.
793 1215 1103 1276 Marcellus
1127 1261 1148 1290 ‚
1186 1216 1504 1279 Sardiniam

127 1296 224 1357 M.
249 1296 486 1360 Porcius
521 1296 672 1359 Cato
703 1298 997 1360 obtinebat
1023 1320 1044 1373 ;
1078 1296 1297 1359 sanans
1326 1300 1393 1361 &
1417 1303 1505 1359 in-
1524 1318 1733 1367 meam

127 1398 354 1440 nocens
375 1424 394 1453 ,
433 1376 682 1461 asperior
729 1397 922 1439 tamen
968 1381 1030 1439 in
1072 1378 1299 1441 foenore
1340 1384 1509 1441 coet-

129 1459 326 1521 cende
363 1460 590 1521 habitus
619 1482 639 1534 ·,
673 1458 964 1541 fugatique
1005 1479 1079 1519 ex
1109 1458 1283 1521 insula
1322 1460 1507 1523 foene·

130 1557 350 1599 ratores
370 1586 389 1615 ,
414 1541 482 1601 &
503 1539 792 1623 sumptuS‚
825 1560 975 1621 quos
1012 1541 1073 1599 in
1106 1540 1322 1601 cultum
1355 1563 1508 1624 prae-

132 1637 330 1681 torum
366 1620 505 1681 socii
537 1620 729 1681 facere
763 1618 914 1681 soliti
939 1635 1137 1693 erant,
1162 1622 1475 1683 circumcisi
1489 1664 1518 1699 ‚.

135 1717 234 1761 aut
283 1698 504 1762 sublati.
553 1700 688 1763 Sex.
712 1700 896 1761 AElius
946 1698 1145 1760 consul
1192 1721 1267 1762 ex
1320 1700 1511 1764 Gallia
1530 1716 1720 1765 conicias

139 1782 513 1843 comitiorum
549 1780 728 1843 causa.
749 1781 1002 1841 Romam
1042 1801 1221 1863 quum
1254 1782 1513 1859 redisset,

63 1937 68 1942 ι
142 1865 365 1924 creavit
409 1861 666 1925 consules
708 1860 780 1922 C.
802 1859 1147 1923 Cornelium
1182 1861 1513 1946 Cethegum

145 1947 209 2008 &
233 1943 324 2023 Q.
343 1943 668 2004 Minucium
701 1941 936 2003 Rufum.
977 1942 1169 2004 Biduo
1206 1943 1335 2025 post
1368 1964 1515 2025 prae-

146 2041 336 2084 torum
386 2027 622 2086 comitia
675 2023 881 2083 hahita.
928 2021 1043 2083 Sex
1090 2043 1363 2105 praetores
1404 2027 1508 2088 illo
1536 2053 1729 2107 seipas

152 2126 302 2165 anno
328 2107 576 2186 primum
603 2108 806 2179 creati,
827 2102 1207 2164 crescentibus
1228 2103 1350 2185 jam
1374 2128 1511 2188 pro-
1529 2117 1647 2147 ‘⁰¹⁶⁸-

153 2188 350 2246 vinciis
362 2227 383 2258 ‚
400 2187 466 2247 &
479 2185 647 2245 latius
673 2184 1009 2267 patescente.
1023 2186 1271 2265 imperio
1293 2207 1309 2246 t
1334 2191 1511 2251 creati

156 2284 342 2327 autem
364 2267 423 2325 hi
436 2310 455 2339 ,
472 2266 539 2326 L.
553 2264 804 2325 Manlius
812 2263 998 2325 Vulso
1014 2309 1033 2338 ,
1050 2263 1121 2325 C.
1134 2264 1269 2325 Sem
1314 2271 1509 2330 tonius

157 2344 508 2418 Tuditanus,
535 2345 625 2405 M.
640 2344 868 2427 Sergius
899 2345 1088 2416 Silus,
1120 2345 1208 2406 M.
1290 2348 1509 2423 elvius,

161 2425 243 2486 M.
262 2425 550 2487 Minucius
571 2424 782 2497 Rufus,
801 2425 869 2485 L.
882 2423 1118 2486 Atilius.
1142 2423 1525 2508 Sempronius-

163 2507 224 2566 &
240 2505 489 2568 Helvius
513 2527 584 2566 ex
607 2507 676 2565 iis
704 2505 899 2565 aediles
963 2505 1110 2565 lehis
1132 2526 1323 2569 erant:
1354 2531 1523 2572 curu-2

165 2587 242 2646 les
259 2587 456 2648 aediles
472 2584 558 2666 Q.
571 2585 858 2646 Minucius
966 2606 1153 2646 ermus
1175 2587 1512 2651 &Ti.Sem·

165 2672 390 2747 pronius
435 2666 688 2750 Longus.
745 2667 894 2728 Ludi
937 2666 1186 2728 Romani
1232 2689 1308 2731 eo
1354 2692 1509 2732 anno

172 2765 356 2828 quater
391 2746 694 2809 instaurati.

241 2827 518 2890 XXVIII.
566 2826 640 2889 C.
675 2777 954 2889 Cornelio
1011 2830 1076 2891 &
1124 2827 1215 2909 Q.
1246 2829 1510 2892 Minucio

171 2909 504 2988 consulibus,
525 2912 786 2972 omnium
814 2911 1067 2992 primum
1094 2910 1169 2974 de
1196 2911 1512 2994 provinciis
