2004 3691
541 320 636 395 30
931 298 1547 368 T.L1r11

327 436 514 475 ετξ
541 412 666 474 tera
681 427 844 495 parte
868 413 1109 475 duarum
1130 412 1423 497 legionum
1444 413 1739 498 equites
1780 460 1814 490 ,

332 492 434 535 U.c.

325 544 422 587 &C-

441 510 524 549 55²·

435 559 525 594 κο.

541 492 833 555 sociorum
894 499 1209 579 equitatum
1268 498 1329 555 in
1380 517 1627 557 cornua
1714 497 1815 559 h<

541 576 796 649 emittat,
827 598 938 637 nec
961 578 1261 638 circumire
1286 598 1389 639 eos
1425 582 1637 637 aciem
1740 598 1815 637 az

539 654 706 717 fimul
743 658 808 719 &
831 655 986 738 ipse,
1012 674 1077 717 ut
1108 674 1475 718 extenuatam
1520 678 1635 719 me
1690 660 1815 719 ian

539 736 720 797 duffls
753 737 1023 797 comibus
1050 740 1235 799 aciem
1266 736 1593 800 Gallorum
1636 740 1815 799 vidi

541 838 656 900 gna
685 816 896 878 inferre
927 816 1219 879 confertos
1254 820 1467 879 milites
1490 864 1511 894 ‚
1556 820 1632 882 δ(
1676 841 1815 901 pe:

583 917 680 957 ere
713 898 950 959 ordines
983 896 1162 979 jubet.
1201 897 1273 961 Et
1314 921 1542 961 cornua
1600 900 1683 960 ab
1756 922 1814 961 e

539 918 692 1051 tus,
724 980 788 1041 &
819 979 996 1041 medii
1031 1000 1063 1039 a
1098 979 1292 1061 pedite
1324 979 1470 1061 pulsi
1496 1004 1517 1056 ;
1545 1002 1618 1041 ac
1648 1001 1815 1062 rep«

625 1080 724 1120 um
739 1064 901 1121 omni
917 1077 1078 1142 parte
1095 1060 1254 1121 caede
1270 1063 1489 1144 ingenti
1508 1060 1815 1124 sternere

541 1080 810 1202 &alliter
849 1140 1229 1216 avertunt,fu
1274 1142 1423 1223 aque
1444 1139 1635 1203 effusa
1660 1163 1815 1225 rep·

540 1219 719 1281 castra
755 1242 770 1280 ε
875 1223 1094 1304 gientes
1133 1242 1208 1303 pe
1264 1239 1461 1283 ecutus
1501 1243 1695 1305 eques
1722 1266 1753 1296 ,

542 1300 611 1361 δι
659 1300 917 1383 legiones
961 1300 1225 1363 insecutae
1277 1305 1337 1361 in
1394 1301 1577 1363 castra
1633 1304 1815 1385 imp<

539 1380 819 1441 fecerunt.
859 1382 1057 1445 Minus
1095 1382 1194 1443 sex
1229 1383 1405 1443 millia
1436 1384 1761 1443 hominum

541 1459 904 1545 effugerunt:
939 1462 1080 1525 caesa
1118 1480 1213 1525 aut
1242 1479 1407 1545 capta
1448 1463 1620 1546 supra
1661 1468 1815 1545 quit

540 1544 609 1605 &
643 1545 875 1626 triginta
929 1545 1109 1605 millia
1156 1564 1289 1603 cum
1350 1542 1519 1627 {ignis
1574 1544 1815 1605 militar

539 1622 926 1708 septuaginta,
952 1626 1235 1705 carpentis
1262 1622 1540 1699 Gallicis,
1564 1626 1753 1687 multa
1782 1650 1815 1709 Ι

539 1706 618 1765 da
660 1709 950 1779 oneratis,
995 1706 1127 1787 plus
1170 1706 1447 1767 ducentis.
1490 1706 1753 1765 Amilcar

539 1784 754 1848 Poenus
788 1808 860 1848 eo
905 1786 1117 1868 proelio
1156 1787 1362 1845 cecidit
1394 1831 1419 1862 ,
1452 1788 1516 1848 &
1564 1804 1680 1847 tres
1720 1790 1815 1850 im

539 1887 760 1928 ratores
798 1867 1023 1927 nobiles
1058 1865 1381 1928 Gallorum.
1421 1867 1728 1928 Placentini
1766 1894 1815 1931 c

537 1950 646 2010 tivi
683 1948 754 2008 ad
793 1948 910 2008 duo
943 1946 1122 2008 millia
1148 1948 1461 2009 liberorum
1489 1951 1734 2026 capitum
1764 1973 1815 2010 r·

537 2029 644 2088 diti
681 2027 928 2088 colonis.

617 2105 812 2172 XXII.
853 2108 1072 2192 Magna
1116 2107 1357 2169 victoria
1404 2107 1639 2192 laetaque
1684 2108 1815 2172 Ror

537 2189 662 2252 fuit.
701 2189 930 2251 Litteris
967 2190 1147 2251 allatis
1168 2233 1187 2263 ,
1206 2187 1543 2270 supplicatio
1564 2193 1617 2249 in
1638 2192 1815 2254 tridut

533 2272 770 2332 decreta
810 2269 913 2332 est.
953 2269 1352 2332 Romanorum
1392 2269 1771 2352 sociorumque

537 2355 657 2415 cluo
691 2353 870 2414 millia
903 2373 978 2413 eo
1021 2352 1233 2434 proelio
1268 2352 1589 2414 ceciderunt
1611 2371 1629 2424 ;
1654 2352 1815 2432 pluri]

537 2437 758 2495 dextrae
790 2437 932 2509 alae,
971 2436 1029 2493 in
1069 2453 1241 2516 quam
1332 2434 1477 2494 rimo
1528 2433 1731 2514 impetu
1786 2458 1815 2497 τ

533 2518 737 2596 ingens
771 2514 1018 2576 hostium
1058 2516 1213 2576 illata
1250 2453 1349 2578 ΘΚ..
1386 2511 1730 2594 Quamquam
1764 2537 1805 2596 p

534 2613 847 2678 praetorem
880 2595 1064 2676 prope
1108 2593 1455 2655 debellatum
1498 2609 1605 2654 erat
1624 2639 1641 2668 ,
1678 2595 1815 2654 confi

533 2695 767 2758 quoque
793 2673 866 2736 C.
885 2674 1155 2736 Aurelius
1176 2718 1195 2748 ,
1256 2673 1472 2736 erfeffis
1494 2719 1511 2748 ‚
1568 2695 1645 2734 uae
1664 2673 1815 2736 Rom

533 2757 754 2840 agenda
781 2755 1007 2820 fuerant
1024 2800 1044 2830 ,
1075 2777 1181 2838 pro
1210 2753 1363 2814 ectus
1386 2757 1443 2814 in
1462 2752 1544 2815 Ga
1567 2755 1682 2817 liam
1699 2800 1715 2828 ‚
1735 2758 1815 2817 vic

530 2855 722 2899 torem
758 2839 1073 2898 exercitum
1100 2858 1133 2896 a
1164 2852 1406 2918 praetore
1444 2837 1656 2917 accepit.
1697 2833 1815 2896 Con

531 2918 617 2982 sul
647 2919 788 2984 alter
805 2964 829 2998 ,
861 2939 1042 3006 quum
1068 2934 1347 2984 autumno
1376 2915 1545 2982 ferme
1582 2913 1759 2980 exaEto
1788 2918 1815 2979 is
