2004 3691
415 277 548 355 132
797 256 1395 330 T.Ltr‘11

199 382 394 430 ιιι-Ξ
415 390 614 455 ceptus
637 372 698 433 in
731 374 938 435 urbem
967 372 1051 434 est
1084 389 1359 455 tyrannus
1384 394 1401 433 z
1438 368 1629 453 prima
1650 367 1799 431 luce

201 453 564 545 {gfff-occu
608 472 663 514 at
695 452 985 535 superiora
1014 456 1207 514 omnia
1255 454 1383 514 loca
1416 474 1437 526 ;
1476 467 1797 532 poroeque

293 516 398 625 :⁷3
416 534 540 595 clau
567 556 634 595 ae.
664 533 860 595 Paucis
895 536 1219 615 principum
1272 533 1586 593 tumultum
1633 534 1795 591 inter

251 600 400 677 unffi:
461 617 666 677 timum
697 613 900 696 elapsis
917 657 937 686 ,
959 634 1161 674 eorum
1183 611 1501 674 absentium
1530 613 1795 693 direptae

244 686 398 771 ’ἔξω
439 712 701 768 ortunae;
738 694 1106 777 praesentibus
1138 712 1337 753 aurum
1372 710 1545 773 atque
1572 712 1794 773 argen-

413 790 538 835 tum
569 774 822 835 ablatum
843 776 1137 856 3pecuniae
1159 775 1239 833 im
1282 788 1449 833 eratae
1472 774 1793 853 ingentes:

327 913 337 925 ,
413 856 514 937 qui
543 875 666 915 non
697 854 1027 916 cunetanter
1054 870 1227 915 contu
1252 872 1349 912 ere
1369 895 1390 925 ‚
1420 850 1545 911 fine
1576 867 1793 912 contr}-

199 911 396 1000 ..223⁸
413 936 588 996 melia
629 938 696 996 &
737 936 1079 996 laceratione
1134 952 1447 1015 corporum
1494 930 1625 991 funt
1694 932 1789 991 di-

194 1008 384 1099 ssgfd‘·
416 1014 562 1077 miffi
589 1036 610 1089 ;
640 1037 786 1097 quos
823 1016 1089 1077 occulere
1109 1032 1206 1075 aut
1238 1013 1527 1074 retrahere
1554 1012 1785 1093 aliquid

413 1094 652 1179 suspicio
687 1096 794 1158 fuit
813 1141 833 1170 ,
869 1098 926 1155 in
957 1095 1223 1157 servilem
1262 1094 1506 1154 modurn
1540 1092 1785 1153 lacerati

412 1196 584 1260 atque
628 1180 854 1238 extorti.
897 1174 1204 1237 Contione
1253 1173 1387 1234 inde
1438 1173 1734 1234 advocata
1758 1214 1784 1246 ‚

411 1260 768 1339 rogationem
806 1256 1225 1339 promulgavit,
1251 1274 1420 1314 unam
1453 1254 1527 1314 de
1564 1254 1785 1315 tabulis

411 1339 586 1398 novis
607 1379 627 1410 ‚
649 1338 884 1399 alteram
907 1337 982 1397 de
999 1356 1139 1418 agro
1166 1336 1381 1395 viritim
1407 1333 1735 1395 dividendo
1755 1354 1779 1407 3

413 1417 554 1477 duas
586 1416 738 1479 faces
769 1417 1116 1478 novantibus
1168 1434 1259 1474 res
1312 1413 1386 1473 ad
1435 1413 1669 1495 plebem
1714 1416 1776 1473 in

409 1498 716 1579 optimates
751 1496 1193 1558 accendendam.

489 1575 771 1637 XXXIX.
796 1576 1103 1658 Postquam
1135 1577 1193 1636 in
1206 1573 1496 1667 potestate
1516 1573 1776 1657 Argivo-

408 1678 542 1718 rum
577 1659 778 1719 civitas
811 1674 964 1727 erat,
991 1656 1134 1716 nihil
1172 1676 1293 1735 ejus
1319 1676 1544 1715 memor
1570 1674 1777 1735 tyran-

409 1760 517 1799 nus
532 1784 552 1813 ,
575 1760 608 1797 a
625 1758 744 1819 quo
763 1758 890 1797 eam
909 1738 1198 1797 civitatem
1220 1782 1241 1811 ‚
1262 1738 1325 1796 &
1346 1756 1520 1816 quam
1546 1738 1607 1795 in
1624 1757 1771 1797 con-

407 1819 694 1882 ditionem
744 1814 1047 1899 accepisset
1072 1862 1092 1891 ,
1136 1816 1191 1877 le
1262 1832 1355 1877 tos
1398 1814 1644 1877 Elatiam
1688 1817 1769 1880 ad

407 1897 717 1978 Quintium
734 1944 757 1971 ,
793 1900 860 1961 &
893 1897 1159 1958 Attalum
1266 1899 1413 1980 ginae
1456 1897 1772 1958 hibernan-

404 1996 527 2040 tem
573 1981 752 2039 mittit
768 2021 789 2052 ,
825 1981 924 2060 qui
965 1980 1285 2038 nuntiarent
1301 2022 1320 2051 ,
1355 1980 1544 2059 Argos
1569 1979 1629 2037 in
1658 2001 1771 2060 po-

406 2061 585 2140 testate
603 2059 714 2141 sua
760 2057 859 2140 ff
883 2081 910 2131 ,⁸
953 2060 1017 2118 εὸ
1038 2061 1097 2138 fi
1138 2060 1338 2118 veniret
1384 2060 1651 2138 Quintius
1688 2062 1771 2119 ad

405 2139 734 2218 colloquium
753 2180 772 2211 ‚
803 2159 914 2199 non
945 2139 1173 2221 diffidere
1201 2183 1224 2210 ‚
1249 2139 1362 2218 fibi
1410 2141 1597 2199 omnia
1642 2161 1763 2207 cum

403 2239 467 2279 eo
487 2235 831 2278 conventura.
849 2216 1155 2298 Quintius,
1176 2236 1239 2279 ut
1262 2239 1334 2278 eo
1356 2238 1591 2300 quoque
1610 2241 1763 2300 prae-
1854 2237 1859 2242 ’

401 2297 552 2359 sidio
580 2298 906 2380 Philippum
941 2300 1183 2360 nudaret
1199 2342 1220 2371 ,
1264 2319 1442 2380 quum
1486 2297 1765 2362 annuisset

403 2378 464 2440 se
497 2397 802 2442 venturum
823 2422 844 2453 ,
881 2380 1059 2440 mittit
1100 2380 1173 2439 ad
1211 2377 1516 2453 Attalum,
1568 2397 1633 2438 ut
1684 2381 1758 2440 ab

401 2459 615 2540 AEgina
649 2459 965 2541 Sicyonem
1008 2459 1111 2520 fibi
1134 2477 1458 2520 occurreret
1482 2483 1501 2520 ε
1532 2458 1653 2540 ipse
1678 2461 1759 2521 -ab

400 2537 687 2616 Anticyra
710 2540 916 2600 decem
945 2544 1080 2621 quin
1122 2540 1447 2600 ueremibus
1468 2583 1488 2612 ‚
1520 2561 1659 2622 quas
1693 2543 1759 2602 iis

401 2617 550 2678 forte
584 2617 714 2698 ipsis
754 2619 952 2679 diebus
992 2620 1059 2680 L.
1160 2622 1367 2680 uintius
1402 2618 1579 2680 frater
1628 2618 1750 2698 ejus

401 2697 714 2758 adduxerat
737 2719 808 2758 ex
829 2698 1079 2759 hibernis
1100 2699 1379 2781 Corcyrae
1398 2743 1418 2773 ,
1436 2697 1751 2780 Sicyonem

400 2773 714 2838 transmisit.
735 2777 860 2838 Jam
887 2777 966 2838 ibi
989 2777 1216 2840 Attalus
1240 2797 1390 2851 erat,
1413 2781 1553 2860 qui,
1574 2801 1752 2861 quum

399 2873 644 2944 tyranno
677 2859 750 2924 ad
778 2857 1106 2928 Romanum
1135 2863 1547 2946 imperatorem
1572 2901 1597 2938 a
1628 2881 1752 2926 noa
