2004 3691
438 291 812 383 me
910 291 1325 363 XXXII.
1472 286 1571 385 89
1673 259 1678 265 ’

173 403 514 468 liberandae
533 407 707 469 effent
719 452 740 482 ,
753 404 1053 467 Thess'alos
1067 411 1285 489 primos
1304 406 1569 467 omnium
1600 428 1799 468 ---22

182 489 524 549 nominavit
555 487 767 550 consul.
805 487 905 549 Ad
939 488 1001 548 id
1024 490 1171 551 verb
1196 488 1343 548 adeo
1366 508 1568 547 accen·
1601 490 1749 579 03²·ss

189 564 293 625 sus
337 568 726 649 indignatione
767 567 848 628 est
884 590 985 628 rex
1013 612 1036 641 ‚
1076 587 1141 629 ut
1182 568 1566 642 exclamaret,
1595 548 1755 627 ‘'iiii-5
1788 563 1805 579 ⁰

191 648 368 726 Quid
401 651 540 707 νὶἑῖο
571 652 796 731 gravius
830 651 1110 729 imperares
1127 694 1147 723 ,
1193 652 1253 709 T.
1356 650 1498 709 uinci
1530 652 1567 709 ἓ
1593 649 1752 677 ‘’m‘'

191 743 378 807 atque
408 730 489 789 ita
515 727 572 789 se
597 749 670 789 ex
690 730 982 811 colloquio
1005 733 1161 811 prori
1202 731 1301 789 uit.
1375 746 1399 788 t
1416 745 1571 789 tem.-

192 825 468 887 peratum
510 830 663 891 aegre
713 808 833 883 est,
878 812 1018 893 quin
1058 812 1137 869 mi
1202 808 1347 869 libus
1372 852 1393 881 ‚
1436 810 1572 891 quia

193 885 480 969 dirempti
513 890 712 950 medio
739 891 894 950 amni
924 890 1147 949 flierant
1165 934 1187 962 ‚
1210 910 1461 971 pugnam
1486 891 1569 949 in-

196 980 290 1027 ter
329 966 389 1027 se
418 968 804 1031 consererent.
840 968 1081 1030 Postero
1116 969 1212 1029 die
1280 990 1343 1029 er
1368 990 1570 1029 excur-

198 1044 398 1109 fiones
432 1048 503 1109 ab
525 1048 860 1111 stationibus
888 1051 1078 1132 primo
1113 1050 1170 1107 in
1198 1072 1235 1131 p
1258 1051 1466 1124 anitie,
1487 1048 1573 1109 sa-

201 1128 280 1187 tis
301 1126 376 1189 ad
391 1127 453 1187 id
477 1130 689 1209 patenti
707 1175 727 1203 ‚
749 1129 929 1191 multa
951 1129 1101 1189 levia
1120 1126 1409 1189 commiss‘a
1424 1150 1576 1224 proe-

205 1206 286 1267 lia
324 1205 492 1270 sunt:
527 1209 734 1270 deinde
771 1210 1170 1289 recipientibus
1209 1207 1265 1269 se
1299 1210 1470 1291 regiis
1510 1210 1572 1269 in

204 1286 360 1349 arcia
393 1290 458 1351 &
487 1286 815 1373 confragosa
849 1290 975 1351 loca
997 1334 1018 1365 ,
1050 1289 1317 1351 aviditate
1350 1288 1571 1350 accensi

204 1370 534 1429 certaminis
556 1371 631 1431 eo
654 1390 884 1453 quoque
908 1371 1155 1433 Romani
1173 1384 1573 1451 penetravere.

207 1446 324 1512 Pro
359 1448 448 1509 his
495 1450 684 1524 ordo,
721 1452 787 1512 &
830 1451 1084 1513 militaris
1124 1449 1416 1531 disciplina
1440 1497 1461 1527 ,
1504 1452 1571 1511 &

209 1548 390 1612 genus
423 1551 716 1591 armorum
752 1546 874 1592 erat
897 1578 916 1606 ‚
943 1550 1143 1613 aptum
1174 1552 1241 1591 ur
1280 1531 1439 1591 endis
1477 1551 1575 1591 re-

212 1612 319 1693 giis
353 1632 369 1671 :
411 1631 517 1693 pro
545 1608 707 1672 hoste
735 1612 868 1673 loca
889 1658 910 1687 ‚
945 1614 1012 1673 &
1052 1629 1249 1691 catapu
1272 1630 1343 1671 tae
1381 1608 1576 1670 ballis-

213 1706 447 1771 taeque‚
483 1692 544 1749 in
585 1692 856 1755 omnibus
937 1692 1077 1771 rope
1112 1691 1382 1771 rupibus,
1418 1686 1575 1771 quasi

214 1771 279 1833 in
309 1773 523 1845 muris,
561 1770 864 1853 dispofitae.
967 1772 1107 1831 ultis·
1135 1772 1267 1841 hinc
1306 1787 1473 1852 atque
1506 1770 1577 1832 ik-

214 1851 330 1914 linc
363 1852 698 1912 vulneribus
731 1855 978 1934 acceptis
1002 1897 1025 1928 ,
1058 1873 1237 1934 quum
1270 1854 1442 1912 etiarn
1463 1897 1483 1924 ‚
1515 1867 1579 1911 ut

214 1933 276 1996 in
317 1932 527 2014 proelio
559 1930 749 2014 justo,
783 1934 1002 2017 aliquot
1051 1931 1379 2002 cecidissent
1400 1975 1420 2006 ‚
1458 1951 1578 1992 nox

218 2017 298 2095 pu'
338 2033 422 2070 nae
451 2011 628 2075 finem
660 2013 814 2078 fecit.

353 2091 398 2152 1.
421 2091 628 2171 Quum
658 2096 718 2158 in
745 2094 858 2156 hoc
892 2090 1035 2156 statu
1066 2113 1157 2157 res
1182 2091 1358 2165 effet,
1390 2090 1580 2174 pastor
1615 2119 1801 2172 Amr„-

219 2164 452 2255 quidam
473 2217 494 2246 ,
527 2195 563 2238 a
600 2171 880 2255 Charopo
916 2174 1103 2253 princi
1146 2193 1177 2234 e
1216 2171 1263 2234 E
1306 2173 1577 2238 ierarum
1598 2169 1790 2256 {jnffggs

221 2251 410 2328 missus
431 2295 451 2324 ,
490 2252 793 2320 deducitur
814 2253 892 2318 ad
923 2195 1237 2318 consuiem.
1299 2274 1325 2313 s
1350 2251 1411 2334 fi
1433 2257 1492 2315 in
1514 2277 1575 2314 eo
1601 2266 1779 2318 Quintio·

204 2330 361 2412 saltu
381 2376 401 2403 ,
443 2336 538 2412 qui
569 2335 725 2414 regiis
760 2351 887 2398 tunc
922 2335 1170 2394 oneratus
1205 2335 1387 2414 castris
1426 2352 1539 2394 erat
1554 2378 1578 2406 ‚

223 2430 516 2476 armentum
543 2411 757 2492 pascere
777 2414 890 2472 ait:
912 2435 1093 2476 omnes
1125 2415 1381 2473 montium
1404 2435 1580 2475 eorum

223 2490 513 2572 amftac‘lus
544 2491 805 2570 callesque
841 2490 998 2569 noffi.
1042 2493 1109 2556 Si
1136 2490 1317 2570 ficum
1361 2494 1580 2574 aliquos

226 2576 424 2637 mittere
443 2573 608 2643 velit,
626 2593 734 2638 non
753 2574 939 2650 iniquo
959 2616 980 2642 ‚
1001 2571 1405 2714 aceperiifficili
1420 2577 1577 2636 adim

211 2652 383 2739 Jicpra
409 2669 574 2732 caput
594 2654 815 2732 hostium
835 2653 1187 2716 deduc‘lurum.
1272 2673 1352 2719 aec
1371 2697 1391 2726 ,
1417 2651 1581 2712 Cha-

226 2745 401 2813 ropus
432 2733 736 2798 renuntiari
756 2723 946 2809 jubet,
965 2734 1041 2796 ita
1058 2731 1354 2803 crederet,
1382 2749 1445 2791 ut
1466 2731 1582 2799 suae

202 2849 206 2856 ·
273 2815 414 2872 otius
451 2815 684 2884 omnia,
720 2809 888 2894 quam
930 2811 1113 2886 illius,
1158 2809 1462 2892 potestatis.
1494 2809 1585 2873 es·-

258 2907 364 2963 ent·
401 2889 606 2981 Quum
643 2889 820 2986 magls
865 2882 1049 2962 vellet
1092 2891 1333 2960 cred-,ere
1354 2934 1373 2970 ‚
1413 2889 1593 2980 quam

795 3097 800 3102 ’
883 3112 938 3183 2²
