2004 3691
409 306 464 374 L
498 325 534 375 ι
564 316 618 375 Β
649 322 700 373 ε
729 326 782 375 ιι
881 302 1362 374 XXXIII.
1439 318 1567 397 175

165 446 176 455 ·
241 416 497 483 XXIX.
561 420 839 483 Effer-avit
899 444 970 483 ea
1025 422 1213 482 caedes
1254 418 1575 481 Thebanos
1600 414 1803 469 =====3

139 500 550 585 Boeotosque
598 524 803 565 omnes
853 504 925 563 ad
975 500 1322 563 exsecrabile
1373 500 1575 561 odium
1596 490 1801 589 25:232:-

145 580 599 645 Rornanorum
619 606 637 658 ;
657 585 1023 666 Zeuxippum
1047 586 1226 665 princi
1273 603 1366 642 em
1387 582 1573 663 gentis
1596 590 1795 679 goeotflg:

150 662 232 723 id
257 661 501 725 facinus
527 663 792 726 conscisse
815 686 830 725 t
860 666 934 724 ad
963 606 1357 725 rebellantfum
1383 682 1571 743 neque
1595 653 1762 740 effer-fn.
1794 698 1801 705 ·

155 745 354 804 vires
377 789 398 818 ‚
424 765 612 827 neque
651 746 861 806 ducem
897 746 1199 805 habebant.
1240 744 1578 805 Proximum

154 822 358 884 bello
389 825 552 907 quod
583 843 734 898 erat,
761 828 818 885 in
847 826 1206 887 latrocinium
1230 821 1411 896 versi,
1436 823 1575 883 alios

158 902 460 985 hospites
478 949 497 978 ,
525 906 668 967 alios
698 926 881 989 vagos
920 926 1025 988 per
1059 906 1295 965 hiberna
1330 903 1537 963 milites
1558 948 1579 975 ‚

161 984 258 1043 ad
297 989 508 1046 varios
547 1003 939 1047 commeantes
977 984 1144 1060 usus,
1170 984 1532 1065 excipiebant
1561 1007 1578 1044 ι

167 1064 444 1145 quidam
467 1068 525 1126 in
546 1066 679 1149 ipfis
704 1068 1031 1139 itineribus,
1052 1066 1124 1125 ad
1147 1082 1311 1126 notas
1334 1063 1581 1125 latebras

165 1144 598 1207 insidiantibus
619 1194 639 1222 ‚
670 1170 798 1230 pars
835 1150 895 1207 in
930 1145 1149 1207 deserta
1182 1166 1291 1228 per
1318 1143 1583 1205 fraudem

168 1226 539 1288 deversoria
584 1227 812 1289 deveffl
861 1226 1203 1309 deductique
1226 1272 1246 1302 ‚
1284 1227 1584 1307 opprime-

170 1307 414 1369 bantur
448 1331 464 1369 :
503 1307 796 1389 postremo
839 1330 957 1369 non
1001 1310 1218 1369 tanturn
1259 1308 1402 1367 odio
1424 1350 1445 1377 ‚
1482 1304 1582 1367 sed

174 1390 384 1447 etiam
426 1389 700 1451 aviditate
744 1389 954 1471 praedae
999 1410 1070 1449 ea
1108 1387 1364 1448 facinora
1406 1385 1582 1447 facie·-

177 1468 341 1528 bant
354 1490 378 1543 3
391 1472 522 1549 quia
542 1470 872 1551 negotiandi
889 1464 1073 1529 ferme
1090 1468 1263 1529 causa
1280 1484 1581 1549 argentum

180 1549 253 1608 in
295 1552 470 1619 zonis
503 1550 779 1611 habentes
799 1594 817 1622 ‚
849 1552 909 1609 in
943 1548 1363 1610 commeatibus
1400 1563 1579 1609 erant.

181 1628 420 1708 Quum
447 1632 640 1712 primo
671 1632 874 1712 pauci,
900 1630 1111 1690 deinde
1141 1632 1203 1688 'in
1231 1628 1356 1688 dies
1386 1625 1589 1710 plures
1632 1650 1639 1666 ‘

188 1708 700 1785 desiderarentur,
731 1710 957 1772 infamis
989 1708 1103 1770 effe
1131 1708 1361 1770 Boeotia
1392 1710 1587 1769 omnis

187 1808 294 1851 coe
347 1794 432 1868 it;
453 1791 518 1854 &
536 1792 826 1867 timidiu5‚
842 1792 1015 1874 quam
1038 1793 1099 1850 in
1121 1788 1376 1864 hostico,
1392 1788 1587 1872 egredi

190 1814 403 1933 castpris
423 1874 613 1934 miles.
627 1871 786 1934 Tum
807 1871 1088 1952 Quintius
1108 1871 1329 1954 legatos
1353 1870 1426 1929 ad
1452 1890 1587 1951 qne·

191 1953 458 2014 rendum
493 1955 569 2015 de
607 1954 916 2016 latrociniis
999 1973 1064 2013 er
1096 1954 1359 2012 civitates
1392 1951 1588 2012 mittit.
1624 1975 1632 1982 ·

193 2033 450 2094 Plurimi
492 2033 716 2115 pedites
755 2039 904 2094 circa
1001 2033 1271 2115 opaidem
1357 2029 1587 2092 aludem

197 2114 440 2174 inventi
472 2134 487 2172 ε
520 2115 598 2174 ibi
636 2135 711 2174 ex
741 2116 884 2174 limo
925 2131 1084 2174 eruta
1122 2130 1280 2173 extra
1336 2132 1480 2192 aque
1514 2131 1589 2172 ex

199 2193 419 2276 stagno
463 2194 746 2254 cadavera
766 2239 787 2266 ‚
821 2193 966 2253 saxis
1012 2210 1110 2252 aut
1152 2193 1444 2274 amphoris
1467 2235 1491 2264 ,
1527 2209 1589 2252 ut

200 2275 479 2356 pondere
496 2276 854 2335 traherentur
872 2276 930 2332 in
943 2270 1300 2368 profundum
1310 2316 1329 2344 ,
1341 2292 1559 2330 annexa
1570 2294 1588 2331 z

200 2354 400 2416 multa
427 2352 679 2414 facinora
701 2354 1023 2434 Acraephiae
1049 2355 1114 2414 &
1133 2351 1423 2414 Coroneae
1448 2349 1593 2412 fafia

202 2433 970 2513 inveniebantur.Quintius
995 2434 1188 2515 pria-nb
1210 2434 1420 2492 noxios
1443 2433 1591 2492 tradi

205 2514 326 2575 fibi
359 2512 544 2594 jussit,
570 2516 634 2575 δι
663 2536 771 2595 pro
803 2517 940 2595 quin
982 2515 1130 2574 entis
1158 2512 1432 2573 militibus
1464 2511 1593 2594 (tot

211 2597 378 2657 enim
423 2597 726 2676 intercepti
775 2534 986 2676 erant5
1028 2596 1337 2678 quingenta
1381 2595 1593 2656 talenta

211 2675 464 2737 Boeotos
497 2675 776 2736 conferre.
809 2673 1085 2753 Quorum
1116 2693 1383 2735 neutrum
1415 2695 1594 2757 quum

176 2791 180 2795 ·
213 2755 425 2832 fieret,
451 2755 648 2816 verbis
683 2759 902 2816 tantum
939 2759 1197 2816 civitates
1231 2754 1594 2828 excusarent,

213 2836 359 2897 nihil
402 2835 636 2918 publico
682 2835 918 2898 consilio
963 2835 1174 2898 fadum
1217 2835 1325 2898 esse
1364 2856 1382 2908 ;
1420 2834 1597 2896 miffis

218 2915 480 2980 Athenas
511 2919 576 2982 δι
603 2919 664 2978 in
694 2916 973 2983 Achaiam
1013 2919 1257 3059 legatisIi
1288 2918 1387 2998 qui
1424 2913 1602 2977 testa*

1294 3018 1357 3057 iv
