2004 3691
385 304 757 376 Ltsszzt·
853 305 1302 377 XXXIV.
1392 302 1524 401 283

149 421 419 485 midamm
453 422 608 505 ᾦξε,
639 420 756 503 ejus
777 425 1011 503 finer-ent
1042 422 1140 501 effi:
1167 447 1193 499 ,-
1230 446 1326 486 nec
1357 424 1420 505 fi
1447 427 1534 485 in·
1554 447 1749 481 εει-εει

148 522 514 585 terponerent,
545 507 832 585 quominus
871 509 968 586 qui
993 502 1208 588 poffint
1228 551 1245 578 ‚
1282 524 1528 566 tenerent.
1551 506 1747 598 ‘'g-5¹5⁹·

151 583 288 645 Res
321 586 521 647 onderi
543 586 745 669 legatis
773 585 1065 671 utriusque
1087 589 1263 681 partis
1287 587 1531 669 placuit,
1548 571 1587 598 ⁸'
1644 581 1657 597 ⁸
1682 566 1754 608 ⁹³⁶

149 608 426 728 miiffiros
461 666 518 728 se
568 671 629 727 in
673 665 975 742 Africam,
1008 688 1109 749 qm
1154 669 1304 729 inter
1340 689 1532 750 popu·

151 746 284 807 lum
319 746 841 831 Carthaginiensem
884 751 949 810 δι
989 769 1187 831 regem
1217 752 1273 809 in
1298 770 1358 809 re
1432 769 1535 808 1·ae-

149 826 306 888 senti
338 830 734 910 disceptarent.
780 827 933 889 Miffi
975 829 1039 891 P.
1077 826 1271 911 Scipio
1305 829 1358 889 A
1415 832 1531 890 ica·
1593 846 1726 900 sapt·

148 929 272 969 nus
295 953 314 982 ,
337 912 400 971 &
423 908 497 972 C.
517 908 824 971 Cornelius
854 908 1043 971 Cethe
1123 932 1149 970 s
1166 954 1187 986 ,
1220 912 1286 972 ὃ(
1308 908 1398 971 Μ.
1418 909 1529 970 Mi·
1548 898 1733 998 {2⁸32ss3,

128 990 360 1051 nucius
393 987 577 1051 Rufus
597 1034 619 1065 ,
664 990 855 1052 audita
883 988 980 1051 ins
1012 929 1247 1073 egique
1284 1010 1345 1051 re
1369 1036 1390 1065 ,
1423 989 1532 1051 sus-
1542 1008 1633 1093 jam
1648 998 1742 1052 mis·

147 1067 338 1153 pensa
368 1072 567 1131 omnia
585 1114 604 1146 ,
633 1072 838 1132 neutro
870 1073 962 1133 inc
989 1072 1151 1132 initis
1195 1070 1484 1132 sententiis
1510 1116 1530 1145 ,
1569 1062 1629 1088 ω’

149 1150 469 1233 reliquere.
501 1148 573 1211 Id
594 1166 788 1212 utrum
807 1151 904 1212 sua
933 1150 1136 1235 sponte
1155 1151 1396 1213 fecerint
1415 1198 1434 1228 ,
1457 1173 1530 1214 an

143 1233 295 1314 quia
325 1230 661 1298 mandatum
695 1233 770 1293 ita
791 1230 963 1293 fuerit
986 1277 1006 1308 ‚
1027 1254 1148 1295 non
1169 1250 1287 1293 tam
1309 1250 1529 1295 certum

151 1311 248 1374 est
273 1358 293 1389 ,
324 1310 500 1395 quim
533 1313 766 1374 videtur
794 1316 1045 1397 tempori
1086 1331 1283 1397 aptum
1320 1312 1479 1376 fuisse
1507 1360 1529 1389 ‚

146 1395 386 1477 integro
424 1396 736 1455 certamine
778 1414 882 1455 eos
919 1392 1184 1478 relinqui.
1228 1394 1382 1457 Nam
1407 1440 1427 1471 ,
1468 1398 1531 1456 ni

144 1477 237 1536 ita
274 1471 453 1548 effet,
482 1494 626 1536 unus
662 1472 859 1558 Scipio
893 1475 993 1538 vel
1030 1476 1239 1538 notitii
1272 1477 1392 1549 rei,
1427 1477 1547 1538 vel*

147 1554 495 1617 aucioritate
516 1598 536 1627 ,
570 1557 648 1615 ita
687 1556 761 1617 de
782 1555 1038 1640 utrisque
1068 1558 1302 1619 meritus
1320 1603 1341 1635 ,
1363 1555 1526 1620 finire

140 1652 296 1701 nutu
337 1634 811 1719 disceptationem
845 1635 1132 1720 potuiffet.
