2004 3691
302 248 672 357 L'I'Btn
768 286 1224 359 XXXIV.
1307 310 1440 385 213

101 400 197 462 'nia'
224 400 463 464 locamus
496 404 531 463 ἓ
560 426 655 464 cur
676 402 825 483 servi
838 448 861 478 ,
902 408 997 486 qui
1028 406 1300 477 militent,
1339 428 1458 466 non·
1477 432 1678 467 aa

108 502 335 543 emuntur
363 485 397 545 ,Ρ
431 506 531 544 cur
553 487 763 565 privati
799 509 911 547 non
958 490 1153 562 damus
1197 488 1414 569 remiges
1433 530 1456 559 ‚
1482 489 1680 581 03457·

96 565 225 642 ficut
263 582 389 623 tunc
421 568 665 625 dedimus
694 569 728 626 ?
1331 570 1336 572 ’
1481 552 1521 580 ⁸⁹
1563 548 1680 589 '¹⁹⁵'

181 640 311 705 VII.
345 647 547 705 Omnes
582 646 687 705 alii
718 648 931 707 ordines
947 692 968 719 ,
1006 667 1188 706 omnes
1220 646 1462 707 homines

115 728 448 785 mutationem
501 728 559 786 in
598 727 858 787 meliorem
896 730 1103 808 statum
1160 728 1464 807 reipublicae

106 802 325 881 sentient
349 827 375 878 ‚-
412 808 493 865 ad
500 802 507 813 “
523 804 773 888 conjuges
809 808 1017 867 tantum
1057 808 1263 885 nostras
1298 807 1464 888 pacis

119 883 169 942 6·
204 887 616 965 tranquillitatis
637 886 873 968 publicae
892 880 1104 967 ftut‘lus
1139 908 1247 945 non
1275 909 1470 967 perve-

119 965 221 1024 niet
248 968 281 1024 ?
312 968 564 1045 Puqmrci
613 970 719 1027 viri
770 984 973 1027 utemur
989 1010 1010 1040 ,
1060 970 1369 1047 praetextati
1408 969 1469 1027 in

122 1046 501 1125 magistratibus
523 1091 543 1121 ‚
588 1048 647 1107 in
688 1045 1009 1125 sacerdotiis
1037 1070 1064 1119 ,·
1110 1046 1260 1106 liberi
1307 1046 1471 1127 nostri

115 1128 377 1204 praetextis
403 1128 642 1207 purpurd
677 1131 817 1209 togis
855 1145 1071 1187 utentur
1090 1147 1117 1198 ,-
1153 1128 1478 1207 magistrati-

127 1206 218 1262 bus
249 1207 307 1265 in
340 1208 575 1266 coloniis
594 1207 1001 1289 municipiisque
1020 1253 1043 1280 ,
1074 1205 1161 1265 hic
1177 1210 1362 1266 Romae
1388 1208 1476 1266 in-

118 1285 243 1363 fimo
264 1289 442 1366 generi
478 1290 735 1369 magistris
767 1291 1007 1348 vicorum
1039 1305 1170 1367 togae
1201 1305 1473 1366 praetextae

128 1365 373 1425 habenda
387 1365 489 1447 jus
514 1370 878 1448 permittemus
899 1390 925 1440 ;
949 1390 1046 1427 nec
1075 1370 1138 1426 id
1156 1384 1216 1426 ut
1242 1369 1364 1427 vivi
1381 1365 1473 1444 so-

130 1444 231 1504 litm
272 1447 509 1506 habeant
556 1464 765 1507 tantum
807 1450 1008 1529 insigne
1023 1494 1041 1521 ‚
1060 1446 1165 1525 sed
1205 1449 1366 1507 etiarn
1415 1464 1477 1507 ut

132 1546 241 1584 cum
280 1548 342 1585 eo
382 1545 669 1589 crementur
694 1532 885 1587 mortui
910 1550 926 1587 .·
945 1526 1173 1608 feminis
1198 1528 1476 1587 duntaxat

125 1626 357 1686 purpura
386 1606 538 1685 usum
575 1610 943 1668 interdicemus
974 1610 1008 1667 ?
1045 1608 1099 1667 δ’
1124 1651 1144 1681 ,
1185 1630 1342 1687 quum
1380 1608 1482 1667 tibi

134 1688 243 1744 viro
270 1687 435 1747 liceat
449 1690 693 1768 puqtura'
721 1691 779 1747 in
802 1692 936 1770 veste’
952 1689 1192 1770 stragula
1221 1690 1337 1760 uti,
1365 1709 1482 1745 ma-

139 1782 253 1824 trem
274 1764 517 1848 familiae
549 1786 695 1827 tuam
763 1790 1039 1851 urpureum
1065 1768 1354 1827 amiculum
1379 1767 1484 1826 lta·

140 1848 242 1906 bere
294 1870 407 1909 non
441 1850 594 1927 fines
623 1853 657 1910 ,Ρ
804 1872 970 1930 equus
1023 1867 1149 1908 tuus
1189 1848 1483 1931 speciosius

140 1929 381 2008 instratus
415 1931 549 2001 erit,
587 1931 746 2008 qua'm
792 1949 936 1990 uxor
966 1931 1152 2010 vestita
1193 1932 1227 1989 ?
1265 1932 1379 1988 Sed
1425 1929 1486 1988 in

134 2029 401 2088 purpura,
439 2031 556 2089 quae
598 2013 817 2085 teritur,
857 2007 1193 2086 absumitur,
1235 2007 1486 2090 injustam

142 2092 345 2167 quidem
364 2134 387 2160 ,
412 2093 516 2172 Jed
536 2090 781 2170 aliquam
820 2107 995 2149 tamen
1033 2087 1247 2166 causam
1287 2092 1489 2149 tenaci-

147 2172 271 2227 tatis
318 2172 477 2228 video
510 2191 537 2242 ,·
576 2171 635 2230 in
674 2192 805 2231 auro
846 2171 970 2230 vero
990 2214 1012 2243 ‚
1048 2172 1107 2228 in
1160 2191 1264 2248 quo
1304 2188 1492 2250 proeter

147 2250 337 2309 mantis
367 2251 595 2331 pretium
632 2251 781 2311 nihil
826 2252 1188 2310 intertrimenti
1210 2249 1284 2329 fit
1303 2293 1327 2320 ,
1373 2270 1489 2330 quat

148 2330 457 2412 malignitas
486 2333 553 2412 est
584 2329 616 2387 ?
654 2331 962 2410 Praefzdium
994 2327 1188 2410 potius
1218 2331 1277 2388 in
1313 2350 1374 2387 eo
1423 2330 1492 2410 est

152 2409 203 2468 6·
234 2413 315 2470 ad
336 2411 625 2491 publicos,
665 2412 720 2470 6·
756 2414 837 2469 ad
846 2413 1098 2492 privatos
1132 2406 1261 2488 usits
1284 2452 1307 2479 ,
1330 2410 1497 2488 sicuti

151 2493 349 2571 experti
386 2493 521 2573 estis.
562 2492 800 2553 Nullam
840 2490 1230 2550 aemulationem
1273 2491 1412 2549 inter
1436 2487 1500 2568 se

138 2573 461 2651 singularum
484 2616 503 2644 ,
543 2576 761 2651 quando
795 2573 951 2634 nulla
981 2571 1193 2630 haberet
1207 2615 1229 2641 ,
1257 2567 1352 2710 {qe
1388 2573 1503 2630 aie·

155 2654 263 2712 bat.
294 2655 381 2712 At
392 2697 415 2724 ,
450 2653 686 2712 Hercule
705 2696 725 2726 ,
763 2652 1022 2729 universis
1059 2651 1216 2710 dolor
1355 2651 1504 2710 indi-'

152 2735 336 2813 gnatio
372 2734 440 2814 est
452 2776 479 2804 ,
517 2754 677 2811 quum
719 2731 986 2810 fitiorum
1033 2731 1225 2790 Latini
1266 2733 1504 2791 nominis

158 2815 415 2873 uxoribus
435 2814 624 2873 vident
650 2833 713 2872 ea
742 2809 981 2892 conceffa
1014 2829 1323 2871 ornamenta
1341 2855 1362 2882 ,
1387 2830 1504 2889 quae

146 2893 253 2970 fibi
271 2897 522 2978 adempta
527 2895 639 2976 fint
656 2914 685 2970 ,·
716 2913 877 2976 quum
904 2892 1134 2976 instgnes
1153 2913 1244 2954 eas
1265 2889 1359 2972 effi
1374 2909 1518 2985 auro⁶
