2004 3691
343 233 434 327 36
731 233 1323 306 T.L1r11

121 359 322 410 §a
335 349 557 412 bellum
573 393 594 422 ‚
621 347 898 434 agrosque
921 349 1301 412 finitimorum
1322 346 1581 411 vastabat
1596 391 1619 420 ,
1638 343 1721 409 δί

117 428 320 526 295⁶·ss
339 429 458 508 jam
491 431 723 491 urbibus
763 453 996 513 quoque
1024 449 1143 492 erat
1164 431 1447 492 terribilis·
1469 429 1721 490 Adver-

206 505 220 520 ’
305 511 322 525 '
336 516 434 572 siis
465 513 618 572 hunc
637 509 864 573 hostem
883 557 904 584 ‚
937 534 1117 595 quum
1136 558 1156 586 ‚
1178 529 1453 594 quantum
1468 531 1541 570 ex
1564 528 1723 590 qua<

333 614 453 675 que
493 594 724 654 civitate
762 593 1013 654 militum
1054 591 1387 655 scriberetur
1413 634 1436 665 ‚
1478 585 1721 650 consul-

332 691 524 738 tarent
563 696 584 748 3
619 673 914 755 Philippus
937 719 958 748 ‚
989 675 1361 756 dempturum
1395 672 1453 732 se
1486 674 1569 730 eis
1604 690 1719 728 cu-
1828 707 1857 716 -

333 776 462 816 ram
495 798 516 826 ,
562 755 723 834 quod
767 755 844 814 ad
879 754 1077 814 Nabin
1123 757 1188 818 &
1230 753 1717 814 Lacedaemonios

331 839 603 896 attineret
622 879 642 910 ‚
676 836 966 918 pollicitus
985 880 1007 907 ,
1038 857 1146 897 nec
1172 838 1393 896 mntiim
1422 853 1588 915 agros
1613 829 1717 890 so·-

333 918 560 976 ciorum
597 917 1061 997 populationibus
1094 916 1515 998 prohibiturum
1544 957 1565 986 ,
1599 909 1713 970 sed

333 1013 621 1058 terrorem
666 1017 904 1057 omnem
952 997 1092 1058 belli
1141 1000 1203 1056 in
1248 996 1427 1077 ipsam
1463 993 1721 1054 Laconi-

337 1098 471 1138 cam
487 1124 508 1152 ,
537 1076 707 1138 ἀυᾶο
733 1080 807 1138 eo
832 1077 1130 1160 extemplo
1160 1078 1415 1139 exercitu
1433 1119 1453 1147 ‚
1471 1071 1718 1134 transsa-

339 1176 555 1220 turum.
579 1157 723 1218 Haec
743 1161 928 1218 oratio
963 1179 1145 1239 quum
1165 1160 1383 1240 ingenti
1404 1157 1719 1216 hominum

337 1237 556 1298 affensu
585 1243 970 1318 acciperetur,
1001 1240 1097 1298 Ita
1134 1257 1313 1299 tamen
1347 1259 1555 1318 aequum
1593 1237 1663 1316 est
1684 1280 1715 1308 ‚

336 1319 531 1401 inquit
549 1363 572 1391 ,
605 1341 685 1378 me
723 1323 891 1402 vestra
920 1323 1051 1378 meis
1088 1322 1253 1380 armis
1271 1321 1439 1379 tutari
1447 1363 1469 1390 ,
1492 1341 1561 1378 ne
1586 1338 1715 1375 mea

343 1403 553 1460 interim
593 1401 860 1460 nudentur
882 1401 1385 1481 proefidiis.-Itaque
1406 1446 1431 1472 ,
1452 1400 1511 1477 fi
1545 1399 1715 1458 vobis
1990 1449 1992 1456 .

341 1483 598 1552 videtur,
623 1498 834 1540 tantum
876 1499 1070 1561 parate
1122 1483 1354 1542 militum
1374 1525 1395 1552 ,
1444 1496 1713 1559 quantum

343 1564 424 1620 ad
449 1563 670 1632 Oreum,
693 1562 748 1621 ὃν
769 1563 1077 1624 Chalcidem
1094 1607 1119 1634 ,
1143 1563 1199 1622 6·
1224 1563 1530 1622 Corinthum
1558 1577 1717 1619 tum-

339 1644 424 1702 da
440 1639 587 1720 satis
609 1643 686 1720 fit
709 1665 736 1714 ,·
775 1662 838 1702 ut
867 1645 998 1702 meis
1032 1643 1104 1702 ab
1124 1661 1260 1724 tergo
1295 1644 1431 1702 tutis
1452 1685 1472 1714 ‚
1485 1639 1715 1720 securus

340 1723 540 1782 bellum
555 1723 769 1783 Nabidi
789 1721 1016 1802 insitam
1032 1723 1087 1783 δ’
1106 1725 1546 1783 Lacedaemoniis.
1566 1719 1715 1782 Non

340 1801 553 1867 fefellit
588 1803 836 1865 Achaeos
858 1851 877 1879 ‚
910 1805 1031 1886 quo
1064 1801 1510 1886 spectassentam
1547 1804 1715 1863 beni-

341 1905 459 1967 gna
484 1884 830 1987 pollicitatio
853 1929 873 1959 ,
903 1885 1289 1967 auxiliumque
1324 1885 1579 1945 oblatum
1608 1882 1714 1959 adr·

341 1985 548 2027 versus
579 1964 1051 2029 Lacedaemonios
1080 1989 1095 2025 :
1123 1967 1183 2025 id
1208 1969 1384 2047 quaeri
1406 2010 1426 2038 ‚
1458 1983 1520 2027 ut
1555 1962 1712 2024 obfi-

333 2044 486 2105 ‘dem
519 2044 870 2110 Achaeorum
903 2045 1267 2123 juventutem
1310 2048 1581 2107 educeret
1632 2065 1712 2105 ex

339 2124 744 2207 Peloponneso
762 2172 783 2199 ‚
803 2126 876 2189 ad
906 2126 1234 2209 illigandam
1256 2126 1525 2189 Romano
1546 2125 1708 2187 bello

384 2223 598 2266 entem.
633 2204 706 2271 Et
751 2206 811 2265 id
852 2207 1087 2289 quidem
1120 2230 1254 2269 coar
1334 2229 1429 2269 ere
1474 2206 1710 2289 Cyclia-

337 2225 444 2347 ἐπε
495 2304 706 2370 praetor
743 2286 1097 2349 Achaeorum
1141 2290 1259 2351 nihi
1326 2292 1563 2349 attinere
1612 2310 1708 2348 ra-

339 2386 432 2429 tus
453 2412 472 2441 ‚
519 2368 581 2427 id
627 2368 808 2429 modo
847 2390 1027 2451 quum
1076 2367 1294 2433 dixisset
1315 2413 1335 2441 ,
1370 2392 1490 2431 non
1532 2369 1707 2430 licere

340 2448 561 2530 legibus
598 2447 947 2513 Achaeorum
983 2449 1056 2510 de
1096 2450 1219 2511 aliis
1251 2451 1421 2511 rebus
1452 2448 1707 2535 referre,

338 2528 514 2610 quam
595 2545 791 2609 ropter
827 2551 966 2611 quas
1011 2533 1315 2595 convocati
1346 2530 1560 2605 ess'ent,
1600 2531 1704 2591 de-

335 2624 497 2681 creto
571 2627 603 2671 e
639 2611 890 2671 exercitu
929 2612 1181 2689 parando
1214 2612 1484 2675 adversiis
1506 2610 1704 2673 Nabin

336 2686 486 2749 facio
507 2733 528 2761 ,
557 2688 864 2751 concilium
893 2687 1114 2751 fortiter
1140 2714 1205 2755 ac
1234 2694 1412 2757 libere
1444 2692 1703 2755 habitum

339 2766 552 2834 dimifit
571 2813 591 2843 ,
621 2770 770 2831 inter
797 2769 1159 2835 affentatores
1187 2776 1373 2855 regios
1411 2789 1540 2837 ante
1570 2794 1705 2833 eam

327 2852 500 2943 §lietu
521 2849 765 2918 habitus.
785 2850 1121 2940 Philippus,
1143 2855 1349 2941 magna
1372 2853 1471 2941 spe
1496 2854 1705 2938 depul7
