2004 3691
391 243 804 323 Ltnssn,
859 244 1242 318 XXXV.
1365 266 1497 349 335

103 378 248 419 nera
329 374 722 435 ervenerunt;
761 361 828 423 &
853 401 874 434 ,
894 358 1221 445 priusquam
1242 384 1277 423 a
1302 364 1497 426 media
1516 380 1717 425 ἔξω

105 442 232 501 acie
293 458 737 516 necui-teretur,
765 440 1091 523 exspiravit.
1515 447 1719 540 Pht-{⁶⁰⁰

188 520 489 583 XXXVI.
502 522 892 583 Alexamenus
904 543 1039 583 cum
1052 523 1497 587 omnibusAEto·
1540 523 1557 541 ⁶
1610 522 1622 537 ⁶
1649 506 1720 549 φ’

106 600 178 661 lis
197 605 388 663 citato
419 605 600 685 gradu
619 602 692 663 ad
713 606 932 687 regiam
956 605 1349 685 occupandam
1366 627 1498 688 per·
1518 652 1524 659 -

150 685 212 745 ‘t.
246 680 542 766 Corporis
583 682 850 746 custodes
871 726 894 757 ,
922 706 1101 767 quum
1128 706 1218 745 res
1247 688 1309 747 in
1347 708 1495 748 ocu-

110 703 183 823 ffs
263 781 527 827 eret-etur
549 810 568 839 ‚
592 786 778 848 pavor
809 768 997 847 primi>
1021 769 1214 848 cepit:
1240 767 1451 829 deinde
1472 812 1493 845 ,

113 865 194 925 po
249 866 436 927 quam
465 847 622 907 abire
649 846 978 908 AEtolorum
1012 866 1220 929 agmen
1250 848 1493 923 videre,

117 944 475 989 concurrunt
503 927 578 988 ad
607 925 868 988 relifimm
890 944 916 987 t
965 930 1127 987 ranni
1149 948 1357 1009 corpus
1380 950 1399 1003 ;
1426 930 1495 991 δι

118 1002 512 1085 Γρεέὶειεοιυω
531 1006 697 1069 turba
725 1026 796 1069 ex
824 948 1153 1069 cugodibus
1172 1011 1308 1069 vitae
1339 1030 1494 1070 mor-

121 1084 308 1168 tisque
345 1089 624 1150 ultoribus
653 1085 735 1148 est
771 1086 937 1149 faeta.
971 1087 1103 1149 Nec
1133 1088 1399 1150 moviss'et
1435 1088 1495 1151 se

124 1166 428 1251 quisquam
443 1212 464 1243 ,
499 1168 544 1229 fi
571 1169 869 1251 extemplo
889 1212 910 1241 ,
931 1166 1131 1249 positis
1155 1173 1325 1230 armis
1342 1215 1363 1245 ,
1388 1192 1499 1233 vo·

126 1264 250 1309 cata
288 1252 352 1309 in
401 1250 748 1311 concionem
797 1249 1107 1312 multitudo
1156 1248 1343 1312 fuiss'et
1364 1294 1383 1323 ,
1431 1252 1499 1313 δι

128 1331 320 1391 oratio
334 1330 530 1391 habita
543 1332 791 1411 tempori
805 1333 1159 1391 conveniens
1179 1376 1199 1403 ‚
1223 1330 1495 1413 frequen-

129 1425 218 1469 tes
239 1411 378 1471 inde
410 1412 617 1473 retenti
647 1413 708 1471 in
746 1413 916 1471 armis
943 1410 1129 1472 AEtoli
1158 1410 1275 1472 fine
1293 1410 1499 1493 injuria

133 1486 472 1574 cujusquam
501 1514 516 1553 z
555 1490 653 1551 sed
672 1536 693 1564 ,
733 1508 798 1551 ut
849 1494 1108 1573 oportuit
1140 1492 1202 1551 in
1254 1492 1496 1555 consilio

131 1568 334 1633 fraude
367 1578 566 1653 coepto'
585 1616 608 1647 ‚
639 1572 836 1655 omnia
855 1574 916 1631 in
947 1572 1340 1633 maturandam
1408 1594 1501 1635 er·-

135 1652 350 1715 niciem
378 1672 582 1714 eorum
643 1654 702 1711 ui
729 1650 984 1712 fecerant
1002 1697 1022 1726 ,
1045 1650 1173 1712 sunt
1188 1652 1327 1713 afta.

137 1734 294 1815 regia
327 1731 574 1795 inclusus
655 1735 772 1795 iem
807 1753 872 1793 ac
910 1731 1146 1793 nostem
1176 1733 1239 1791 in
1262 1732 1505 1795 scrutan-

139 1812 226 1874 dis
256 1812 530 1877 thesauris
572 1814 808 1896 tyranni
846 1812 1083 1876 consum
1125 1811 1193 1874 fit
1224 1834 1239 1875 ε
1274 1812 1455 1875 AEtoli
1482 1856 1504 1888 ,

137 1895 301 1957 velut
318 1898 484 1993 capta
500 1897 642 1958 urbe
658 1941 682 1970 ,
710 1913 882 1978 quam
903 1895 1081 1956 libera
1125 1915 1158 1955 e
1186 1895 1374 1955 videri
1395 1915 1506 1955 vo-

142 1972 369 2050 lebant,
395 1999 454 2038 m
489 1977 746 2059 praedam
771 1973 942 2038 verfi.
975 1975 1158 2037 Simul
1197 1977 1505 2058 indignitas

145 2055 263 2132 rei,
282 2056 448 2120 fimul
464 2073 870 2140 contemptus,
887 2059 1111 2118 animos
1133 2055 1505 2118 Lacedaemo·

143 2137 250 2196 niis
277 2139 352 2198 ad
382 2137 712 2201 coeundum
739 2137 908 2198 fecit:
931 2137 1029 2198 alii
1060 2137 1250 2198 dicere
1270 2183 1291 2212 ‚
1316 2156 1505 2200 extur-

143 2215 366 2282 bandos
396 2219 626 2282 AEtolos
647 2265 666 2294 ‚
688 2220 763 2280 ἃ.
793 2217 1117 2278 libertatem
1140 2261 1159 2291 ,
1193 2239 1371 2299 quum
1410 2237 1507 2278 re·-

149 2295 300 2362 stitui
321 2301 616 2362 videretur
635 2345 656 2374 ‚
679 2301 1057 2379 interceptam
1090 2298 1463 2380 repetendam
1485 2317 1509 2370 ς

148 2378 240 2437 alii
263 2423 284 2453 ‚
313 2398 375 2442 ut
407 2395 578 2462 eaput
621 2379 861 2463 agendae
895 2379 980 2438 rei
1016 2375 1151 2438 esset
1172 2423 1192 2451 ,
1226 2379 1369 2458 regii
1444 2395 1505 2436 e-

149 2463 298 2520 neris
315 2461 566 2544 aliquem
588 2460 650 2520 in
680 2459 934 2542 speciem
961 2456 1370 2518 affumendum.
1444 2477 1507 2517 a·
1556 2489 1737 2534 lma„

153 2543 382 2602 conicus
417 2540 542 2623 ejus
579 2539 762 2622 stirpis
797 2556 918 2601 erat
956 2559 1101 2620 puer
1139 2537 1453 2598 admodum
1481 2584 1502 2613 ‚
1534 2542 1667 2627 2222

155 2621 424 2683 educatus
475 2643 611 2684 cum
657 2622 852 2683 liberis
914 2621 1147 2700 tyranni
1190 2640 1209 2680 z
1266 2637 1397 2680 eum
1444 2621 1505 2678 in
1538 2640 1633 2675 aum

155 2721 362 2782 equum
387 2706 724 2786 imponunt,
742 2703 808 2764 &
823 2744 844 2774 ,
863 2703 1033 2760 armis
1050 2701 1288 2782 arreptis
1302 2745 1321 2774 ‚
1343 2699 1511 2761 AEto-
1537 2683 1730 2732 EM*

157 2779 454 2866 los-vagos
475 2803 583 2865 per
599 2783 806 2842 urbem
833 2779 1081 2842 caedunt.
1114 2779 1271 2841 Tum
1294 2783 1512 2877 regiam

158 2860 432 2928 invadunt
451 2887 474 2929 z
503 2863 586 2930 ibi
606 2863 1034 2945 Alexamenum
1052 2881 1195 2926 cum
1212 2879 1411 2946 paucis
1432 2875 1522 2935 req
