2004 3691
495 326 871 394 LIBER
970 286 1327 391 XXXI.
1554 314 1592 419 ’ς

217 435 264 500 fi
310 437 495 501 eoaffi
538 436 754 520 ihjuriis
797 438 1019 500 bellum
1066 439 1339 499 adversus
1378 434 1593 519 Philip·
1614 452 1816 501 ξεί

217 543 364 603 pum
403 520 518 581 susc
597 519 790 594 issem,
825 518 1123 603 pristinum
1162 520 1417 579 animum
1454 538 1590 603 erga
1614 523 1816 615 Phe-{2¹-

218 624 302 682 po
345 601 505 663 ulum
603 622 880 661 omanum
930 601 1314 663 conservaret.
1360 598 1593 663 Eodem
1635 601 1647 615 ’
1696 602 1707 614 ’
1778 589 1817 615 ¹⁸

221 681 312 743 fer
396 701 660 763 tempore
703 682 765 743 P.
787 682 969 743 AElius
1015 681 1211 743 consul
1255 685 1313 741 in
1354 677 1549 741 Gallia
1569 691 1604 756 ,'

222 784 406 844 quum
446 761 685 823 audisset
724 785 760 822 a
797 762 952 823 Boiis
995 780 1125 823 ante
1168 762 1331 823 suum
1372 761 1597 823 adven-

219 860 348 902 tum
382 842 732 904 incurfiones
763 845 824 903 in
856 865 886 903 a
929 864 1025 904 ros
1062 843 1348 903 sociorum
1382 841 1555 903 fafikas
1574 887 1595 916 ,

221 923 440 984 duabus
482 924 804 1007 legionibus
842 922 873 983 s
943 927 1111 984 itariis
1146 922 1424 984 tumultfis
1467 922 1593 1003 ejus

225 1005 400 1064 causa
441 1002 657 1087 scriptis
678 1048 700 1077 ,
734 1004 1055 1085 additisque
1102 1004 1177 1064 ad
1214 1024 1311 1064 eas
1352 1022 1601 1083 quatuor

221 1086 562 1147 cohortibus
612 1086 686 1145 de
739 1088 993 1145 exercitu
1042 1083 1143 1145 suo
1166 1128 1185 1157 ,
1230 1082 1305 1145 C.
1332 1082 1600 1165 Oppium

224 1164 566 1248 praefefikum
609 1164 825 1226 socifim
865 1167 969 1225 hac
1012 1165 1384 1227 tumultuaria
1420 1185 1597 1224 manu

226 1264 338 1329 per
378 1245 679 1305 Umbriam
726 1244 956 1327 (quam
1004 1247 1215 1305 tribum
1264 1242 1598 1327 Sappiniam
1666 1242 1671 1247 ’

227 1325 493 1408 vocant)
530 1346 730 1408 agrum
765 1326 1046 1387 Boiorum
1083 1326 1358 1387 invadere
1398 1320 1551 1404 juffit
1582 1346 1599 1386 z

222 1405 347 1488 ipse
390 1405 602 1466 eedem
627 1450 645 1480 ,
687 1423 892 1487 aperto
933 1409 1181 1481 itinere,
1226 1427 1330 1485 per
1368 1406 1598 1465 medios

223 1503 458 1547 montes
509 1488 690 1546 duxit.
740 1484 974 1567 Oppius
1022 1486 1294 1569 ingressus
1346 1484 1599 1546 hostium

225 1566 378 1628 fines
399 1612 417 1641 ,
461 1568 648 1649 primb
695 1566 1102 1647 popuiationes
1153 1566 1283 1626 satis
1328 1563 1600 1648 prospere

225 1666 296 1709 ac
333 1649 462 1708 tutb
494 1646 634 1709 fecit
664 1667 680 1707 ε
720 1646 946 1707 delesso
986 1647 1198 1708 deinde
1239 1647 1315 1708 ad
1350 1646 1599 1707 castrum

229 1727 512 1789 Mutilum
539 1728 668 1787 satis
702 1726 919 1788 idoneo
955 1728 1126 1803 loco,
1152 1728 1227 1788 ad
1256 1728 1604 1788 demetenda

229 1807 520 1890 frumenta
537 1808 691 1890 (jam
715 1811 870 1869 enim
893 1821 1127 1869 matura».
1156 1826 1316 1870 erant
1343 1806 1605 1891 segetes)

230 1889 558 1971 profeestuS,
582 1910 769 1972 neque
808 1889 1111 1972 explorato
1151 1889 1331 1962 εἰπὲ,
1356 1911 1467 1950 nec
1498 1887 1605 1948 sta*

232 1971 490 2031 tionibus
524 1968 646 2031 satis
681 1969 860 2030 firmis
880 2016 900 2044 ,
931 1991 1060 2053 quae
1094 1988 1321 2031 armatae
1354 1971 1603 2030 inermes

235 2067 412 2132 atque
459 2071 496 2110 o
543 2052 622 2109 eri
669 2052 921 2110 intentos
969 2067 1291 2110 tutarentur
1312 2095 1331 2124 ‚
1411 2049 1566 2110 ofitis
1585 2094 1607 2125 ,

239 2133 490 2212 impl-ovi
513 2152 552 2190 0
592 2133 811 2212 impetu
845 2127 1152 2191 Gallorum
1190 2151 1323 2190 cum
1408 2150 1609 2190 umen·

239 2211 520 2271 tatoribus
575 2209 659 2271 est
709 2213 1149 2272 circumventus-
1221 2210 1364 2271 Inde
1423 2229 1629 2292 pavor.

237 2289 490 2374 fugaque
531 2293 701 2351 etiam
739 2307 991 2351 armatos
1032 2292 1208 2373 cepit.
1246 2291 1346 2352 Ad
1385 2289 1609 2372 septem

237 2371 423 2432 millia
467 2373 768 2432 hominum
813 2371 1002 2452 palata
1099 2391 1160 2430 er
1208 2370 1429 2454 segetes
1480 2367 1609 2432 sunt

241 2449 414 2528 caesa,
431 2449 580 2514 inter
610 2473 756 2592 Ἡιοε
783 2450 902 2532 ipse
929 2450 1002 2512 C.
1083 2455 1250 2532 ppius
1277 2451 1575 2534 praefeekus
1592 2475 1611 2514 ι

235 2534 422 2594 ceteri
461 2535 522 2592 in
559 2553 626 2592 ca
675 2553 735 2590 ra
773 2551 930 2592 metu
967 2531 1287 2612 compulfi,
1314 2533 1449 2594 inde
1489 2532 1608 2594 fine

239 2631 403 2676 certo
423 2613 570 2673 duce
591 2611 866 2672 consensu
884 2613 1113 2673 militari
1129 2614 1395 2695 proxima
1418 2613 1610 2688 ῃοᾶε,

241 2693 437 2756 felia-22
464 2693 668 2776 magna
693 2710 852 2775 parte
883 2714 1075 2754 rerum
1102 2691 1356 2770 suarum,
1374 2695 1448 2754 ad
1476 2717 1617 2756 con-

237 2774 420 2836 sulem
497 2795 560 2834 er
593 2774 760 2834 saltus
796 2777 981 2856 prope
1017 2776 1207 2835 invios
1248 2795 1567 2856 pervenere
1594 2798 1614 2834 z

239 2858 376 2936 qui,
395 2857 453 2914 ni
477 2878 498 2914 1
524 2856 684 2936 qubd
704 2877 784 2936 po
828 2856 1011 2916 alatus
1036 2854 1117 2915 est
1134 2855 1415 2915 Boiorum
1437 2855 1613 2926 fineS,

239 2939 464 3006 &eum
484 2935 754 3021 Ingaunis
772 2872 1075 3020 &guribus
1101 2935 1291 3077 foedff
1314 2934 1624 3025 iqjt‚nihir,

1315 3037 1370 3094 ¹¹1
