2004 3691
422 240 659 333 146·
806 241 881 311 T.
980 242 1398 310 Ltrrt

202 394 398 428 =====
416 362 625 418 aditum
652 353 915 434 νὶειᾙέηε.
948 357 1123 416 Famd
1134 354 1331 438 stetzffe
1344 400 1367 428 ,
1397 376 1510 416 non
1530 354 1745 418 vidbus
1753 367 1782 429 3

202 447 395 508 υ.ε.ςςς.
417 440 1006 600 Μαεεᾰοηίωἷβπιιηι.
1024 438 1171 499 Eam
1201 459 1409 517 quoque
1414 435 1636 516 firmam
1657 456 1783 497 tan·

815 542 843 578 e

196 504 396 558 '‘c‘¹⁹⁷'
418 523 536 580 dem
574 522 773 582 evanui

845 563 863 578 .
892 519 1021 580 Jam
1053 536 1400 599 perventum
1427 518 1501 577 ad
1536 517 1669 578 suos
1713 521 1778 578 in

414 604 533 664 ima
551 601 705 660 valle
734 599 939 660 stantes
967 616 1086 658 erat
1103 644 1123 673 ‚
1147 601 1246 680 qui
1270 597 1524 660 adventu
1556 602 1780 659 exerci-

411 683 505 743 tfis
536 671 1001 763 imperatorisque
1035 700 1287 762 pugnam
1316 697 1599 738 renovant
1617 721 1638 752 ,
1670 681 1780 739 im-

456 780 663 842 etuque
683 760 829 822 faao
846 804 868 834 ,
886 759 1072 820 rursus
1094 775 1356 822 avertunt
1374 759 1619 820 hostem.
1638 760 1780 820 Phi-

408 784 603 924 Bppus
640 863 774 905 cum
806 844 1031 902 cetratis
1063 843 1130 902 &
1153 862 1334 902 cornu
1369 841 1576 902 dextro
1614 841 1777 922 pedi·

408 941 537 984 tum
553 969 573 998 ‚
604 922 815 991 robore
844 921 1212 984 Macedonici
1247 921 1530 982 exercitus
1544 965 1566 995 ,
1677 943 1778 984 am*

452 1004 754 1086 halangem
798 1003 1086 1064 vocabant
1121 1047 1143 1076 ,
1182 1023 1436 1084 propero
1486 1023 1559 1062 cu
1611 1023 1653 1061 u
1693 1003 1772 1064 ad

408 1027 636 1146 {ostem
652 1085 829 1145 vadit.
848 1083 1124 1144 Nicanori
1142 1126 1162 1156 ‚
1187 1103 1260 1142 ex
1291 1087 1610 1164 purpuratis
1634 1087 1770 1158 uni,

406 1184 473 1225 ut
502 1187 635 1226 cum
662 1165 892 1246 reliquis
924 1166 1107 1247 copiis
1139 1161 1442 1223 confestim
1468 1163 1773 1245 sequatur,

404 1247 661 1326 imperat.
683 1244 878 1306 Primi>
898 1288 922 1316 ,
946 1263 1011 1304 ut
1046 1244 1106 1302 in
1121 1241 1322 1324 jugum
1343 1243 1522 1304 evafit
1542 1289 1562 1318 ‚
1591 1246 1658 1306 ὅτ.
1683 1243 1772 1324 ja-

404 1325 663 1386 centibus
714 1326 796 1386 ihi
849 1327 1043 1405 paucis
1092 1327 1265 1384 armis
1317 1325 1770 1409 corporibusque

400 1405 680 1479 hostium,
698 1405 970 1488 proelium
994 1427 1068 1464 eo
1089 1405 1224 1466 loco
1247 1404 1440 1478 fuisse,
1457 1405 1660 1485 pulsos
1691 1429 1768 1469 ue

400 1488 539 1548 inde
573 1488 870 1548 Romanos
896 1530 915 1559 ,
952 1487 1017 1547 &
1065 1487 1303 1569 pugnari
1342 1508 1449 1567 pro
1493 1507 1526 1546 e
1583 1429 1772 1550 caan

400 1565 653 1630 hostium
679 1568 829 1628 vidit
847 1613 866 1642 ,
895 1569 1113 1648 ingenti
1143 1567 1354 1647 gaudio
1382 1508 1490 1626 ἐίξ
1523 1566 1709 1642 elatus
1745 1594 1764 1634 ε

400 1663 544 1709 mox
561 1693 581 1722 ‚
600 1647 1012 1730 refugientibus
1029 1645 1136 1708 suis
1151 1691 1172 1720 ‚
1199 1649 1265 1708 &
1292 1663 1516 1709 terrore
1543 1649 1720 1711 verso
1739 1697 1764 1728 ‚

399 1728 720 1810 paulisper,
748 1733 997 1788 incertus
1028 1748 1102 1787 an
1141 1730 1200 1786 in
1244 1725 1423 1790 castra
1469 1731 1766 1810 reciperet

397 1813 594 1893 copias
613 1854 633 1883 ‚
666 1809 1019 1889 trepidavit3
1057 1807 1268 1869 deinde
1289 1854 1309 1884 ‚
1342 1824 1406 1869 ut
1440 1813 1768 1893 appropin-

476 1892 607 1951 abat
634 1889 809 1951 hostis
830 1934 851 1965 ,
894 1890 995 1965 &,
1033 1906 1414 1972 praeterquam
1457 1892 1619 1973 quod
1651 1914 1764 1956 cae·

471 1972 673 2031 bantur
700 1969 920 2046 aversi,
955 1991 1098 2043 nec,
1126 1969 1229 2033 nifi
1257 1970 1712 2034 defenderentur
1737 2018 1763 2049 ‚

391 2050 603 2115 servari
642 2068 905 2131 poterant
926 2096 944 2125 ‚
983 2071 1059 2112 ne
1097 2050 1203 2132 ipfi
1247 2052 1484 2133 quidem
1519 2055 1584 2112 in
1621 2052 1762 2115 tuto

389 2128 513 2213 jam
549 2150 813 2215 receptus
852 2149 975 2193 erat
1006 2153 1026 2205 3
1065 2130 1291 2193 coastus
1309 2178 1330 2205 ,
1361 2133 1622 2194 nondum
1669 2135 1764 2195 as-

387 2211 583 2274 secuta
608 2231 765 2293 parte
788 2212 1048 2286 suorum,
1066 2214 1382 2294 periculum
1407 2212 1643 2275 summae
1669 2237 1760 2277 re·

382 2314 516 2355 rum
541 2291 758 2366 facere,
780 2314 811 2353 e
856 2298 999 2355 uites
1030 2294 1337 2375 levemque
1369 2312 1758 2399 armaturam}

382 2375 571 2456 quiin
599 2315 1052 2455 proeliozoerant
1071 2418 1090 2447 ‚
1125 2374 1325 2435 dextro
1360 2377 1628 2437 incornu
1659 2378 1758 2438 lo-

380 2471 513 2517 cat:
549 2472 795 2515 cetratos
826 2457 891 2518 &
924 2454 1316 2527 Macedonum
1351 2454 1700 2539 phalangem
1722 2501 1749 2531 ,

378 2532 554 2593 hastis
593 2533 826 2615 politis,
866 2558 1106 2618 quarum
1143 2535 1442 2617 longitudo
1485 2536 1752 2617 impedi-

374 2630 579 2675 mento
610 2632 765 2687 erat,
796 2615 993 2698 gladiis
1031 2637 1156 2676 rem
1188 2635 1385 2697 gerere.
1415 2614 1580 2692 iubet
1603 2640 1630 2678 -:
1673 2618 1752 2679 -fi-

372 2696 496 2754 mul
528 2716 609 2765 ne
632 2694 797 2765 facile
837 2713 1298 2777 perrumperetur
1329 2698 1478 2757 acies
1500 2740 1518 2771 ,
1561 2698 1750 2759 dimi-

374 2775 532 2836 dium
552 2775 625 2834 de
655 2774 845 2836 fronte
872 2776 1175 2859 demptum
1205 2775 1476 2837 introrsus
1500 2798 1752 2859 porrec-

369 2855 443 2917 tis
478 2855 769 2918 ordinibus
822 2856 1078 2939 duplicat
1096 2902 1118 2933 ‚
1168 2873 1232 2920 ut
1275 2858 1450 2941 longa
1487 2861 1698 2942 potius
1719 2904 1750 2938 ,
