<?xml version="1.0" encoding="UTF-8"?>
<!DOCTYPE html PUBLIC "-//W3C//DTD XHTML 1.0 Transitional//EN"
    "http://www.w3.org/TR/xhtml1/DTD/xhtml1-transitional.dtd">
<html xmlns="http://www.w3.org/1999/xhtml" xml:lang="en" lang="en">
 <head>
  <title>
</title>
<meta http-equiv="Content-Type" content="text/html;charset=utf-8" />
  <meta name='ocr-system' content='tesseract 3.04.00' />
  <meta name='ocr-capabilities' content='ocr_page ocr_carea ocr_par ocr_line ocrx_word'/>
</head>
<body>
  <div class='ocr_page' id='page_1' title='image "./titiliviipatavi01lallgoog_0289.png"; bbox 0 0 2004 3691; ppageno 0'>
   <div class='ocr_carea' id='block_1_1' title="bbox 457 214 1693 315">
    <p class='ocr_par' dir='ltr' id='par_1_1' title="bbox 457 214 1693 315">
     <span class='ocr_line' id='line_1_1' title="bbox 457 214 1693 315; baseline 0.003 -29"><span class='ocrx_word' id='word_1_1' title='bbox 457 214 822 289; x_wconf 68' lang='lat' dir='ltr'>Lzsstn</span> <span class='ocrx_word' id='word_1_2' title='bbox 919 215 1371 289; x_wconf 80' lang='lat' dir='ltr'><em>XXXIV.</em></span> <span class='ocrx_word' id='word_1_3' title='bbox 1459 228 1599 315; x_wconf 68' lang='lat'>273·</span> <span class='ocrx_word' id='word_1_4' title='bbox 1672 286 1693 306; x_wconf 81' lang='lat'><strong>,</strong></span> 
     </span>
    </p>
   </div>
   <div class='ocr_carea' id='block_1_2' title="bbox 216 322 1815 2842">
    <p class='ocr_par' dir='ltr' id='par_1_2' title="bbox 216 322 1815 2842">
     <span class='ocr_line' id='line_1_2' title="bbox 219 322 1815 411; baseline 0.004 -22"><span class='ocrx_word' id='word_1_5' title='bbox 219 322 334 389; x_wconf 83' lang='lat' dir='ltr'>lius</span> <span class='ocrx_word' id='word_1_6' title='bbox 353 327 606 393; x_wconf 86' lang='lat' dir='ltr'>Siciliam</span> <span class='ocrx_word' id='word_1_7' title='bbox 621 376 640 407; x_wconf 91' lang='lat'><strong>‚</strong></span> <span class='ocrx_word' id='word_1_8' title='bbox 659 334 726 396; x_wconf 91' lang='lat' dir='ltr'>L.</span> <span class='ocrx_word' id='word_1_9' title='bbox 745 334 980 409; x_wconf 84' lang='lat' dir='ltr'>Porcius</span> <span class='ocrx_word' id='word_1_10' title='bbox 1004 332 1321 396; x_wconf 78' lang='lat' dir='ltr'>Sardiniam</span> <span class='ocrx_word' id='word_1_11' title='bbox 1337 380 1356 411; x_wconf 90' lang='lat'><strong>,</strong></span> <span class='ocrx_word' id='word_1_12' title='bbox 1380 332 1456 397; x_wconf 88' lang='lat' dir='ltr'>C.</span> <span class='ocrx_word' id='word_1_13' title='bbox 1476 334 1599 397; x_wconf 85' lang='lat' dir='ltr'>Fla·</span> <span class='ocrx_word' id='word_1_14' title='bbox 1618 352 1815 395; x_wconf 48' lang='lat' dir='ltr'>m</span> 
     </span>
     <span class='ocr_line' id='line_1_3' title="bbox 222 412 1812 515; baseline 0.006 -48"><span class='ocrx_word' id='word_1_15' title='bbox 222 412 438 472; x_wconf 87' lang='lat' dir='ltr'>minius</span> <span class='ocrx_word' id='word_1_16' title='bbox 478 412 809 495; x_wconf 86' lang='lat' dir='ltr'>Hispaniam</span> <span class='ocrx_word' id='word_1_17' title='bbox 837 418 1167 477; x_wconf 86' lang='lat' dir='ltr'>citeriorem</span> <span class='ocrx_word' id='word_1_18' title='bbox 1189 462 1209 492; x_wconf 91' lang='lat'>,</span> <span class='ocrx_word' id='word_1_19' title='bbox 1246 416 1337 478; x_wconf 89' lang='lat' dir='ltr'>M.</span> <span class='ocrx_word' id='word_1_20' title='bbox 1359 415 1597 479; x_wconf 85' lang='lat' dir='ltr'>Fulvius</span> <span class='ocrx_word' id='word_1_21' title='bbox 1612 416 1812 515; x_wconf 53' lang='lat' dir='ltr'>,Ug‘ffi‘</span> 
     </span>
     <span class='ocr_line' id='line_1_4' title="bbox 223 488 1815 632; baseline 0 -73"><span class='ocrx_word' id='word_1_22' title='bbox 223 488 565 632; x_wconf 51' lang='lat' dir='ltr'>Hiffqniam</span> <span class='ocrx_word' id='word_1_23' title='bbox 595 496 951 559; x_wconf 84' lang='lat' dir='ltr'>ulteriorem.</span> <span class='ocrx_word' id='word_1_24' title='bbox 1642 493 1652 507; x_wconf 78' lang='grc'><strong>”</strong></span> <span class='ocrx_word' id='word_1_25' title='bbox 1707 493 1717 504; x_wconf 76' lang='grc'><strong>”</strong></span> <span class='ocrx_word' id='word_1_26' title='bbox 1752 496 1767 517; x_wconf 73' lang='lat'>²</span> <span class='ocrx_word' id='word_1_27' title='bbox 1801 489 1815 529; x_wconf 64' lang='lat'><em>²</em></span> 
     </span>
     <span class='ocr_line' id='line_1_5' title="bbox 359 572 1598 660; baseline 0.005 -27"><span class='ocrx_word' id='word_1_28' title='bbox 359 572 466 634; x_wconf 91' lang='lat' dir='ltr'>VI.</span> <span class='ocrx_word' id='word_1_29' title='bbox 495 573 656 635; x_wconf 89' lang='lat' dir='ltr'>Nihil</span> <span class='ocrx_word' id='word_1_30' title='bbox 689 578 828 637; x_wconf 88' lang='lat' dir='ltr'>belli</span> <span class='ocrx_word' id='word_1_31' title='bbox 853 598 926 638; x_wconf 92' lang='lat' dir='ltr'>eo</span> <span class='ocrx_word' id='word_1_32' title='bbox 957 599 1109 639; x_wconf 86' lang='lat' dir='ltr'>anno</span> <span class='ocrx_word' id='word_1_33' title='bbox 1142 576 1598 660; x_wconf 65' lang='lat' dir='ltr'>exspeGiantibus</span> 
     </span>
     <span class='ocr_line' id='line_1_6' title="bbox 229 652 1596 741; baseline 0.006 -28"><span class='ocrx_word' id='word_1_34' title='bbox 229 652 558 715; x_wconf 88' lang='lat' dir='ltr'>consulibus</span> <span class='ocrx_word' id='word_1_35' title='bbox 583 700 602 731; x_wconf 85' lang='lat'><strong>,</strong></span> <span class='ocrx_word' id='word_1_36' title='bbox 645 657 843 717; x_wconf 87' lang='lat' dir='ltr'>litterae</span> <span class='ocrx_word' id='word_1_37' title='bbox 882 658 972 719; x_wconf 89' lang='lat' dir='ltr'>M.</span> <span class='ocrx_word' id='word_1_38' title='bbox 1015 658 1205 720; x_wconf 88' lang='lat' dir='ltr'>Cincii</span> <span class='ocrx_word' id='word_1_39' title='bbox 1250 658 1596 741; x_wconf 60' lang='lat' dir='ltr'>(praefecius</span> 
     </span>
     <span class='ocr_line' id='line_1_7' title="bbox 227 733 1812 821; baseline 0.007 -30"><span class='ocrx_word' id='word_1_40' title='bbox 227 733 281 791; x_wconf 88' lang='lat' dir='ltr'>is</span> <span class='ocrx_word' id='word_1_41' title='bbox 319 733 456 795; x_wconf 84' lang='lat' dir='ltr'>Pifis</span> <span class='ocrx_word' id='word_1_42' title='bbox 485 736 648 819; x_wconf 86' lang='lat' dir='ltr'>erat)</span> <span class='ocrx_word' id='word_1_43' title='bbox 694 738 874 799; x_wconf 85' lang='lat' dir='ltr'>allatae</span> <span class='ocrx_word' id='word_1_44' title='bbox 904 760 918 799; x_wconf 90' lang='lat'><strong>:</strong></span> <span class='ocrx_word' id='word_1_45' title='bbox 949 741 1209 821; x_wconf 84' lang='lat' dir='ltr'>Ligurum</span> <span class='ocrx_word' id='word_1_46' title='bbox 1242 742 1442 821; x_wconf 79' lang='lat' dir='ltr'>viginti</span> <span class='ocrx_word' id='word_1_47' title='bbox 1474 740 1597 801; x_wconf 84' lang='lat' dir='ltr'>mil·</span> <span class='ocrx_word' id='word_1_48' title='bbox 1630 758 1812 814; x_wconf 67' lang='lat' dir='ltr'>Ligurum·</span> 
     </span>
     <span class='ocr_line' id='line_1_8' title="bbox 227 815 1796 902; baseline 0.006 -30"><span class='ocrx_word' id='word_1_49' title='bbox 227 815 314 873; x_wconf 83' lang='lat' dir='ltr'>lia</span> <span class='ocrx_word' id='word_1_50' title='bbox 353 835 708 891; x_wconf 79' lang='lat' dir='ltr'>armatorum,</span> <span class='ocrx_word' id='word_1_51' title='bbox 735 817 1105 901; x_wconf 77' lang='lat' dir='ltr'>conjuratione</span> <span class='ocrx_word' id='word_1_52' title='bbox 1127 843 1225 902; x_wconf 84' lang='lat' dir='ltr'>per</span> <span class='ocrx_word' id='word_1_53' title='bbox 1252 824 1437 881; x_wconf 79' lang='lat' dir='ltr'>omnia</span> <span class='ocrx_word' id='word_1_54' title='bbox 1466 843 1593 881; x_wconf 84' lang='lat' dir='ltr'>con·</span> <span class='ocrx_word' id='word_1_55' title='bbox 1612 819 1796 900; x_wconf 47' lang='lat' dir='ltr'>{fon-¹¹²*</span> 
     </span>
     <span class='ocr_line' id='line_1_9' title="bbox 229 895 1598 983; baseline 0.006 -28"><span class='ocrx_word' id='word_1_56' title='bbox 229 895 497 956; x_wconf 81' lang='lat' dir='ltr'>ciliabula</span> <span class='ocrx_word' id='word_1_57' title='bbox 515 898 770 979; x_wconf 80' lang='lat' dir='ltr'>universa:</span> <span class='ocrx_word' id='word_1_58' title='bbox 783 899 1118 981; x_wconf 70' lang='lat' dir='ltr'>gentisfhc‘lci</span> <span class='ocrx_word' id='word_1_59' title='bbox 1132 946 1153 971; x_wconf 90' lang='lat'>,</span> <span class='ocrx_word' id='word_1_60' title='bbox 1174 900 1463 979; x_wconf 81' lang='lat' dir='ltr'><em>Lunensem</em></span> <span class='ocrx_word' id='word_1_61' title='bbox 1476 905 1598 983; x_wconf 79' lang='lat' dir='ltr'>pri-</span> 
     </span>
     <span class='ocr_line' id='line_1_10' title="bbox 229 975 1600 1061; baseline 0.005 -26"><span class='ocrx_word' id='word_1_62' title='bbox 229 975 579 1059; x_wconf 22' lang='lat' dir='ltr'>mzimnagrum</span> <span class='ocrx_word' id='word_1_63' title='bbox 606 982 996 1061; x_wconf 83' lang='lat' dir='ltr'>depopulatos,</span> <span class='ocrx_word' id='word_1_64' title='bbox 1027 980 1290 1054; x_wconf 82' lang='lat' dir='ltr'>Pisanum</span> <span class='ocrx_word' id='word_1_65' title='bbox 1318 984 1506 1042; x_wconf 82' lang='lat' dir='ltr'>deinde</span> <span class='ocrx_word' id='word_1_66' title='bbox 1516 985 1600 1061; x_wconf 88' lang='lat' dir='ltr'>fi-</span> 
     </span>
     <span class='ocr_line' id='line_1_11' title="bbox 227 1056 1601 1145; baseline 0.004 -28"><span class='ocrx_word' id='word_1_67' title='bbox 227 1078 348 1117; x_wconf 82' lang='lat' dir='ltr'>nem</span> <span class='ocrx_word' id='word_1_68' title='bbox 369 1056 700 1140; x_wconf 67' lang='lat' dir='ltr'>transgrffs</span> <span class='ocrx_word' id='word_1_69' title='bbox 711 1106 736 1133; x_wconf 87' lang='lat'>,</span> <span class='ocrx_word' id='word_1_70' title='bbox 756 1082 959 1123; x_wconf 86' lang='lat' dir='ltr'>omnem</span> <span class='ocrx_word' id='word_1_71' title='bbox 975 1084 1123 1122; x_wconf 83' lang='lat' dir='ltr'>oram</span> <span class='ocrx_word' id='word_1_72' title='bbox 1141 1065 1305 1121; x_wconf 81' lang='lat' dir='ltr'>man‘s</span> <span class='ocrx_word' id='word_1_73' title='bbox 1322 1062 1601 1145; x_wconf 63' lang='lat' dir='ltr'><em>peragrast-</em></span> 
     </span>
     <span class='ocr_line' id='line_1_12' title="bbox 216 1134 1599 1224; baseline 0.007 -30"><span class='ocrx_word' id='word_1_74' title='bbox 216 1134 302 1214; x_wconf 59' lang='grc' dir='ltr'>β.</span> <span class='ocrx_word' id='word_1_75' title='bbox 327 1134 525 1220; x_wconf 89' lang='lat' dir='ltr'>Itaque</span> <span class='ocrx_word' id='word_1_76' title='bbox 551 1140 842 1201; x_wconf 86' lang='lat' dir='ltr'>Minucius</span> <span class='ocrx_word' id='word_1_77' title='bbox 857 1140 1086 1215; x_wconf 89' lang='lat' dir='ltr'>consul,</span> <span class='ocrx_word' id='word_1_78' title='bbox 1103 1145 1195 1202; x_wconf 87' lang='lat' dir='ltr'>cui</span> <span class='ocrx_word' id='word_1_79' title='bbox 1213 1141 1279 1202; x_wconf 90' lang='lat' dir='ltr'>Li</span> <span class='ocrx_word' id='word_1_80' title='bbox 1322 1163 1448 1203; x_wconf 86' lang='lat' dir='ltr'>ures</span> <span class='ocrx_word' id='word_1_81' title='bbox 1468 1164 1599 1224; x_wconf 83' lang='lat' dir='ltr'><strong>pro·</strong></span> 
     </span>
     <span class='ocr_line' id='line_1_13' title="bbox 229 1221 1596 1297; baseline 0.004 -16"><span class='ocrx_word' id='word_1_82' title='bbox 229 1222 423 1281; x_wconf 80' lang='lat' dir='ltr'>vincia</span> <span class='ocrx_word' id='word_1_83' title='bbox 451 1238 724 1281; x_wconf 84' lang='lat' dir='ltr'>evenerat</span> <span class='ocrx_word' id='word_1_84' title='bbox 746 1266 765 1297; x_wconf 88' lang='lat'><strong>,</strong></span> <span class='ocrx_word' id='word_1_85' title='bbox 802 1241 875 1282; x_wconf 82' lang='lat' dir='ltr'>ex</span> <span class='ocrx_word' id='word_1_86' title='bbox 911 1221 1241 1284; x_wconf 56' lang='lat' dir='ltr'>audioritate</span> <span class='ocrx_word' id='word_1_87' title='bbox 1325 1240 1508 1285; x_wconf 86' lang='lat' dir='ltr'>atrum</span> <span class='ocrx_word' id='word_1_88' title='bbox 1536 1229 1596 1286; x_wconf 86' lang='lat' dir='ltr'>in</span> 
     </span>
     <span class='ocr_line' id='line_1_14' title="bbox 231 1299 1596 1385; baseline 0 -20"><span class='ocrx_word' id='word_1_89' title='bbox 231 1299 440 1371; x_wconf 78' lang='lat' dir='ltr'>Rostra</span> <span class='ocrx_word' id='word_1_90' title='bbox 471 1300 751 1375; x_wconf 85' lang='lat' dir='ltr'>ascendit,</span> <span class='ocrx_word' id='word_1_91' title='bbox 773 1304 837 1364; x_wconf 89' lang='lat'>&amp;</span> <span class='ocrx_word' id='word_1_92' title='bbox 866 1304 1045 1363; x_wconf 86' lang='lat' dir='ltr'>edixit</span> <span class='ocrx_word' id='word_1_93' title='bbox 1064 1349 1083 1377; x_wconf 88' lang='lat'><strong>,</strong></span> <span class='ocrx_word' id='word_1_94' title='bbox 1120 1308 1200 1365; x_wconf 83' lang='lat' dir='ltr'>Ut</span> <span class='ocrx_word' id='word_1_95' title='bbox 1224 1306 1458 1385; x_wconf 79' lang='lat' dir='ltr'>legiones</span> <span class='ocrx_word' id='word_1_96' title='bbox 1477 1308 1596 1365; x_wconf 81' lang='lat' dir='ltr'>duce</span> 
     </span>
     <span class='ocr_line' id='line_1_15' title="bbox 230 1383 1602 1467; baseline 0.001 -24"><span class='ocrx_word' id='word_1_97' title='bbox 230 1386 490 1455; x_wconf 82' lang='lat' dir='ltr'>urbanae,</span> <span class='ocrx_word' id='word_1_98' title='bbox 529 1408 645 1465; x_wconf 82' lang='lat' dir='ltr'>quae</span> <span class='ocrx_word' id='word_1_99' title='bbox 668 1383 936 1464; x_wconf 66' lang='lat' dir='ltr'>superiore</span> <span class='ocrx_word' id='word_1_100' title='bbox 982 1406 1131 1445; x_wconf 82' lang='lat' dir='ltr'>anno</span> <span class='ocrx_word' id='word_1_101' title='bbox 1174 1384 1373 1463; x_wconf 51' lang='lat' dir='ltr'>consciri</span> <span class='ocrx_word' id='word_1_102' title='bbox 1411 1404 1477 1445; x_wconf 81' lang='lat' dir='ltr'>tae</span> <span class='ocrx_word' id='word_1_103' title='bbox 1517 1384 1602 1467; x_wconf 72' lang='lat' dir='ltr'>efi-</span> 
     </span>
     <span class='ocr_line' id='line_1_16' title="bbox 219 1463 1595 1546; baseline 0.004 -23"><span class='ocrx_word' id='word_1_104' title='bbox 219 1463 346 1543; x_wconf 74' lang='lat' dir='ltr'>fine</span> <span class='ocrx_word' id='word_1_105' title='bbox 364 1509 382 1538; x_wconf 90' lang='lat'>‚</span> <span class='ocrx_word' id='word_1_106' title='bbox 409 1468 530 1546; x_wconf 84' lang='lat' dir='ltr'>post</span> <span class='ocrx_word' id='word_1_107' title='bbox 552 1468 690 1527; x_wconf 76' lang='lat' dir='ltr'>diem</span> <span class='ocrx_word' id='word_1_108' title='bbox 717 1466 975 1525; x_wconf 85' lang='lat' dir='ltr'>decimum</span> <span class='ocrx_word' id='word_1_109' title='bbox 1004 1468 1209 1527; x_wconf 82' lang='lat' dir='ltr'>Arretii</span> <span class='ocrx_word' id='word_1_110' title='bbox 1242 1470 1344 1525; x_wconf 83' lang='lat' dir='ltr'>ade</span> <span class='ocrx_word' id='word_1_111' title='bbox 1389 1466 1477 1527; x_wconf 64' lang='lat' dir='ltr'>bnt</span> <span class='ocrx_word' id='word_1_112' title='bbox 1496 1468 1595 1529; x_wconf 70' lang='grc' dir='ltr'><em>ε’ἱιι</em></span> 
     </span>
     <span class='ocr_line' id='line_1_17' title="bbox 234 1545 1597 1629; baseline 0.001 -24"><span class='ocrx_word' id='word_1_113' title='bbox 234 1568 414 1605; x_wconf 80' lang='lat' dir='ltr'>earum</span> <span class='ocrx_word' id='word_1_114' title='bbox 430 1546 604 1606; x_wconf 87' lang='lat' dir='ltr'>locum</span> <span class='ocrx_word' id='word_1_115' title='bbox 613 1546 676 1625; x_wconf 75' lang='grc' dir='ltr'>[ὲ</span> <span class='ocrx_word' id='word_1_116' title='bbox 697 1550 839 1606; x_wconf 85' lang='lat' dir='ltr'>duas</span> <span class='ocrx_word' id='word_1_117' title='bbox 858 1546 1092 1627; x_wconf 80' lang='lat' dir='ltr'>legiones</span> <span class='ocrx_word' id='word_1_118' title='bbox 1117 1548 1355 1607; x_wconf 80' lang='lat' dir='ltr'>urbanas</span> <span class='ocrx_word' id='word_1_119' title='bbox 1359 1545 1597 1629; x_wconf 44' lang='grc' dir='ltr'>,Ιὲτίρειι-1</span> 
     </span>
     <span class='ocr_line' id='line_1_18' title="bbox 231 1625 1599 1698; baseline 0.001 -13"><span class='ocrx_word' id='word_1_120' title='bbox 231 1649 367 1687; x_wconf 82' lang='lat' dir='ltr'>rum.</span> <span class='ocrx_word' id='word_1_121' title='bbox 401 1625 550 1687; x_wconf 84' lang='lat' dir='ltr'>Item</span> <span class='ocrx_word' id='word_1_122' title='bbox 585 1626 750 1688; x_wconf 90' lang='lat' dir='ltr'>sociis</span> <span class='ocrx_word' id='word_1_123' title='bbox 798 1628 864 1687; x_wconf 72' lang='grc' dir='ltr'>δί.</span> <span class='ocrx_word' id='word_1_124' title='bbox 915 1626 1121 1687; x_wconf 87' lang='lat' dir='ltr'>Latino</span> <span class='ocrx_word' id='word_1_125' title='bbox 1170 1628 1433 1698; x_wconf 87' lang='lat' dir='ltr'>nomini,</span> <span class='ocrx_word' id='word_1_126' title='bbox 1472 1649 1599 1687; x_wconf 88' lang='lat' dir='ltr'>ma-</span> 
     </span>
     <span class='ocr_line' id='line_1_19' title="bbox 275 1705 1597 1792; baseline 0.002 -26"><span class='ocrx_word' id='word_1_127' title='bbox 275 1705 550 1768; x_wconf 86' lang='lat' dir='ltr'>istratibus</span> <span class='ocrx_word' id='word_1_128' title='bbox 598 1706 904 1792; x_wconf 86' lang='lat' dir='ltr'>legatisque</span> <span class='ocrx_word' id='word_1_129' title='bbox 956 1710 1160 1768; x_wconf 65' lang='lat' dir='ltr'>eorffm</span> <span class='ocrx_word' id='word_1_130' title='bbox 1184 1754 1203 1782; x_wconf 91' lang='lat'>‚</span> <span class='ocrx_word' id='word_1_131' title='bbox 1242 1708 1341 1787; x_wconf 90' lang='lat' dir='ltr'>qui</span> <span class='ocrx_word' id='word_1_132' title='bbox 1384 1708 1597 1768; x_wconf 84' lang='lat' dir='ltr'>milites</span> 
     </span>
     <span class='ocr_line' id='line_1_20' title="bbox 281 1786 1596 1868; baseline 0.002 -20"><span class='ocrx_word' id='word_1_133' title='bbox 281 1809 370 1848; x_wconf 84' lang='lat' dir='ltr'>are</span> <span class='ocrx_word' id='word_1_134' title='bbox 404 1788 731 1864; x_wconf 88' lang='lat' dir='ltr'>debebant,</span> <span class='ocrx_word' id='word_1_135' title='bbox 771 1789 952 1850; x_wconf 84' lang='lat' dir='ltr'>edixit</span> <span class='ocrx_word' id='word_1_136' title='bbox 973 1833 994 1864; x_wconf 86' lang='lat'>‚</span> <span class='ocrx_word' id='word_1_137' title='bbox 1025 1804 1087 1848; x_wconf 88' lang='lat' dir='ltr'>ut</span> <span class='ocrx_word' id='word_1_138' title='bbox 1123 1791 1181 1848; x_wconf 89' lang='lat' dir='ltr'>in</span> <span class='ocrx_word' id='word_1_139' title='bbox 1218 1786 1507 1868; x_wconf 84' lang='lat' dir='ltr'>Capitolio</span> <span class='ocrx_word' id='word_1_140' title='bbox 1536 1786 1596 1850; x_wconf 84' lang='lat' dir='ltr'>se</span> 
     </span>
     <span class='ocr_line' id='line_1_21' title="bbox 233 1868 1597 1952; baseline -0.001 -22"><span class='ocrx_word' id='word_1_141' title='bbox 233 1871 472 1932; x_wconf 81' lang='lat' dir='ltr'>adirent.</span> <span class='ocrx_word' id='word_1_142' title='bbox 513 1869 588 1932; x_wconf 83' lang='lat' dir='ltr'>Iis</span> <span class='ocrx_word' id='word_1_143' title='bbox 625 1871 954 1952; x_wconf 88' lang='lat' dir='ltr'>quindecim</span> <span class='ocrx_word' id='word_1_144' title='bbox 1000 1870 1179 1930; x_wconf 88' lang='lat' dir='ltr'>millia</span> <span class='ocrx_word' id='word_1_145' title='bbox 1228 1868 1487 1950; x_wconf 89' lang='lat' dir='ltr'>peditum</span> <span class='ocrx_word' id='word_1_146' title='bbox 1529 1871 1597 1932; x_wconf 89' lang='lat'>&amp;</span> 
     </span>
     <span class='ocr_line' id='line_1_22' title="bbox 233 1947 1599 2034; baseline 0.001 -23"><span class='ocrx_word' id='word_1_147' title='bbox 233 1955 576 2034; x_wconf 88' lang='lat' dir='ltr'>quingentos</span> <span class='ocrx_word' id='word_1_148' title='bbox 613 1973 644 2012; x_wconf 90' lang='lat' dir='ltr'>e</span> <span class='ocrx_word' id='word_1_149' title='bbox 689 1955 834 2012; x_wconf 88' lang='lat' dir='ltr'>uites</span> <span class='ocrx_word' id='word_1_150' title='bbox 856 1997 874 2026; x_wconf 93' lang='lat'>,</span> <span class='ocrx_word' id='word_1_151' title='bbox 907 1974 1014 2033; x_wconf 87' lang='lat' dir='ltr'>pro</span> <span class='ocrx_word' id='word_1_152' title='bbox 1050 1971 1291 2012; x_wconf 88' lang='lat' dir='ltr'>numero</span> <span class='ocrx_word' id='word_1_153' title='bbox 1326 1947 1599 2033; x_wconf 80' lang='lat' dir='ltr'>cujusque</span> 
     </span>
     <span class='ocr_line' id='line_1_23' title="bbox 231 1975 1601 2113; baseline 0.001 -21"><span class='ocrx_word' id='word_1_154' title='bbox 231 2029 560 2113; x_wconf 78' lang='lat' dir='ltr'>juniorum,</span> <span class='ocrx_word' id='word_1_155' title='bbox 587 1975 877 2113; x_wconf 59' lang='lat' dir='ltr'>deqcripfit</span> <span class='ocrx_word' id='word_1_156' title='bbox 906 2055 926 2106; x_wconf 80' lang='lat'>3</span> <span class='ocrx_word' id='word_1_157' title='bbox 966 2034 1031 2094; x_wconf 88' lang='lat'>&amp;</span> <span class='ocrx_word' id='word_1_158' title='bbox 1057 2032 1193 2092; x_wconf 86' lang='lat' dir='ltr'>inde</span> <span class='ocrx_word' id='word_1_159' title='bbox 1237 2053 1268 2092; x_wconf 90' lang='lat' dir='ltr'>e</span> <span class='ocrx_word' id='word_1_160' title='bbox 1303 2027 1601 2113; x_wconf 87' lang='lat' dir='ltr'>Capitolio</span> 
     </span>
     <span class='ocr_line' id='line_1_24' title="bbox 234 2113 1605 2195; baseline 0 -23"><span class='ocrx_word' id='word_1_161' title='bbox 234 2117 498 2195; x_wconf 86' lang='lat' dir='ltr'>protinus</span> <span class='ocrx_word' id='word_1_162' title='bbox 524 2117 606 2174; x_wconf 88' lang='lat' dir='ltr'>ire</span> <span class='ocrx_word' id='word_1_163' title='bbox 648 2113 721 2174; x_wconf 89' lang='lat' dir='ltr'>ad</span> <span class='ocrx_word' id='word_1_164' title='bbox 803 2131 988 2172; x_wconf 87' lang='lat' dir='ltr'>ortam</span> <span class='ocrx_word' id='word_1_165' title='bbox 1009 2159 1031 2184; x_wconf 91' lang='lat'>‚</span> <span class='ocrx_word' id='word_1_166' title='bbox 1056 2115 1158 2187; x_wconf 69' lang='grc' dir='ltr'>ἃ,</span> <span class='ocrx_word' id='word_1_167' title='bbox 1189 2130 1254 2174; x_wconf 88' lang='lat' dir='ltr'>ut</span> <span class='ocrx_word' id='word_1_168' title='bbox 1291 2129 1605 2172; x_wconf 81' lang='lat' dir='ltr'>maturare·</span> 
     </span>
     <span class='ocr_line' id='line_1_25' title="bbox 237 2135 1600 2276; baseline -0.001 -22"><span class='ocrx_word' id='word_1_169' title='bbox 237 2205 331 2254; x_wconf 80' lang='lat' dir='ltr'>tur</span> <span class='ocrx_word' id='word_1_170' title='bbox 367 2216 458 2254; x_wconf 89' lang='lat' dir='ltr'>res</span> <span class='ocrx_word' id='word_1_171' title='bbox 479 2241 498 2269; x_wconf 90' lang='lat'><strong>,</strong></span> <span class='ocrx_word' id='word_1_172' title='bbox 529 2135 813 2276; x_wconf 63' lang='lat' dir='ltr'>proficiscpi</span> <span class='ocrx_word' id='word_1_173' title='bbox 848 2194 922 2254; x_wconf 87' lang='lat' dir='ltr'>ad</span> <span class='ocrx_word' id='word_1_174' title='bbox 954 2193 1239 2254; x_wconf 63' lang='lat' dir='ltr'>delec&#39;tum</span> <span class='ocrx_word' id='word_1_175' title='bbox 1266 2189 1435 2272; x_wconf 77' lang='lat' dir='ltr'>juffit.</span> <span class='ocrx_word' id='word_1_176' title='bbox 1460 2193 1600 2252; x_wconf 85' lang='lat' dir='ltr'>Ful-</span> 
     </span>
     <span class='ocr_line' id='line_1_26' title="bbox 235 2273 1601 2358; baseline -0.003 -22"><span class='ocrx_word' id='word_1_177' title='bbox 235 2276 341 2336; x_wconf 87' lang='lat' dir='ltr'>vio</span> <span class='ocrx_word' id='word_1_178' title='bbox 368 2275 763 2358; x_wconf 89' lang='lat' dir='ltr'>Flaminioque</span> <span class='ocrx_word' id='word_1_179' title='bbox 801 2291 963 2335; x_wconf 84' lang='lat' dir='ltr'>terna</span> <span class='ocrx_word' id='word_1_180' title='bbox 991 2274 1171 2334; x_wconf 86' lang='lat' dir='ltr'>millia</span> <span class='ocrx_word' id='word_1_181' title='bbox 1198 2273 1601 2334; x_wconf 87' lang='lat' dir='ltr'>Romanorum</span> 
     </span>
     <span class='ocr_line' id='line_1_27' title="bbox 235 2353 1603 2449; baseline -0.004 -32"><span class='ocrx_word' id='word_1_182' title='bbox 235 2355 504 2438; x_wconf 87' lang='lat' dir='ltr'>peditum</span> <span class='ocrx_word' id='word_1_183' title='bbox 537 2357 600 2418; x_wconf 88' lang='lat'>&amp;</span> <span class='ocrx_word' id='word_1_184' title='bbox 635 2357 859 2416; x_wconf 86' lang='lat' dir='ltr'>centeni</span> <span class='ocrx_word' id='word_1_185' title='bbox 893 2357 1115 2437; x_wconf 84' lang='lat' dir='ltr'>equites</span> <span class='ocrx_word' id='word_1_186' title='bbox 1149 2357 1209 2414; x_wconf 88' lang='lat' dir='ltr'>in</span> <span class='ocrx_word' id='word_1_187' title='bbox 1235 2353 1603 2449; x_wconf 79' lang='lat' dir='ltr'>supplemen-</span> 
     </span>
     <span class='ocr_line' id='line_1_28' title="bbox 237 2433 1603 2520; baseline -0.004 -22"><span class='ocrx_word' id='word_1_188' title='bbox 237 2456 364 2498; x_wconf 89' lang='lat' dir='ltr'>tum</span> <span class='ocrx_word' id='word_1_189' title='bbox 384 2481 403 2510; x_wconf 88' lang='lat'><strong>,</strong></span> <span class='ocrx_word' id='word_1_190' title='bbox 441 2439 506 2500; x_wconf 89' lang='lat'>&amp;.</span> <span class='ocrx_word' id='word_1_191' title='bbox 537 2437 708 2520; x_wconf 83' lang='lat' dir='ltr'>quina</span> <span class='ocrx_word' id='word_1_192' title='bbox 735 2435 910 2496; x_wconf 89' lang='lat' dir='ltr'>millia</span> <span class='ocrx_word' id='word_1_193' title='bbox 946 2434 1165 2496; x_wconf 66' lang='lat' dir='ltr'>socium</span> <span class='ocrx_word' id='word_1_194' title='bbox 1194 2433 1379 2494; x_wconf 80' lang='lat' dir='ltr'>Latini</span> <span class='ocrx_word' id='word_1_195' title='bbox 1416 2436 1603 2494; x_wconf 83' lang='lat' dir='ltr'>nomi-</span> 
     </span>
     <span class='ocr_line' id='line_1_29' title="bbox 236 2514 1605 2601; baseline -0.004 -22"><span class='ocrx_word' id='word_1_196' title='bbox 236 2522 326 2580; x_wconf 88' lang='lat' dir='ltr'>nis</span> <span class='ocrx_word' id='word_1_197' title='bbox 361 2520 427 2579; x_wconf 88' lang='lat'>&amp;</span> <span class='ocrx_word' id='word_1_198' title='bbox 459 2518 667 2578; x_wconf 87' lang='lat' dir='ltr'>duceni</span> <span class='ocrx_word' id='word_1_199' title='bbox 702 2519 925 2601; x_wconf 86' lang='lat' dir='ltr'>equites</span> <span class='ocrx_word' id='word_1_200' title='bbox 949 2516 1163 2576; x_wconf 85' lang='lat' dir='ltr'>decreti</span> <span class='ocrx_word' id='word_1_201' title='bbox 1194 2537 1213 2590; x_wconf 82' lang='lat'>3</span> <span class='ocrx_word' id='word_1_202' title='bbox 1248 2514 1605 2575; x_wconf 89' lang='lat' dir='ltr'>mandatum-</span> 
     </span>
     <span class='ocr_line' id='line_1_30' title="bbox 239 2597 1609 2680; baseline -0.003 -21"><span class='ocrx_word' id='word_1_203' title='bbox 239 2620 356 2680; x_wconf 90' lang='lat' dir='ltr'>que</span> <span class='ocrx_word' id='word_1_204' title='bbox 384 2597 717 2680; x_wconf 85' lang='lat' dir='ltr'>praetoribus</span> <span class='ocrx_word' id='word_1_205' title='bbox 741 2642 760 2671; x_wconf 87' lang='lat'><strong>,</strong></span> <span class='ocrx_word' id='word_1_206' title='bbox 780 2615 842 2658; x_wconf 90' lang='lat' dir='ltr'>ut</span> <span class='ocrx_word' id='word_1_207' title='bbox 863 2614 1091 2657; x_wconf 87' lang='lat' dir='ltr'>veteres</span> <span class='ocrx_word' id='word_1_208' title='bbox 1122 2597 1470 2657; x_wconf 82' lang='lat' dir='ltr'>dimitterent</span> <span class='ocrx_word' id='word_1_209' title='bbox 1492 2597 1609 2656; x_wconf 89' lang='lat' dir='ltr'>mi-</span> 
     </span>
     <span class='ocr_line' id='line_1_31' title="bbox 235 2675 1609 2760; baseline -0.004 -18"><span class='ocrx_word' id='word_1_210' title='bbox 235 2681 368 2742; x_wconf 90' lang='lat' dir='ltr'>lites</span> <span class='ocrx_word' id='word_1_211' title='bbox 384 2723 404 2752; x_wconf 86' lang='lat'><strong>,</strong></span> <span class='ocrx_word' id='word_1_212' title='bbox 429 2701 606 2760; x_wconf 86' lang='lat' dir='ltr'>quum</span> <span class='ocrx_word' id='word_1_213' title='bbox 629 2681 688 2738; x_wconf 91' lang='lat' dir='ltr'>in</span> <span class='ocrx_word' id='word_1_214' title='bbox 711 2680 1067 2760; x_wconf 84' lang='lat' dir='ltr'>provinciam</span> <span class='ocrx_word' id='word_1_215' title='bbox 1084 2675 1375 2738; x_wconf 87' lang='lat' dir='ltr'>veniffent.</span> <span class='ocrx_word' id='word_1_216' title='bbox 1400 2675 1609 2756; x_wconf 87' lang='lat' dir='ltr'>Quum</span> 
     </span>
     <span class='ocr_line' id='line_1_32' title="bbox 236 2756 1687 2842; baseline -0.008 -20"><span class='ocrx_word' id='word_1_217' title='bbox 236 2762 456 2822; x_wconf 86' lang='lat' dir='ltr'>milites</span> <span class='ocrx_word' id='word_1_218' title='bbox 469 2807 488 2834; x_wconf 93' lang='lat'>‚</span> <span class='ocrx_word' id='word_1_219' title='bbox 502 2761 676 2842; x_wconf 88' lang='lat' dir='ltr'>quiin</span> <span class='ocrx_word' id='word_1_220' title='bbox 694 2758 1013 2842; x_wconf 87' lang='lat' dir='ltr'>legionibus</span> <span class='ocrx_word' id='word_1_221' title='bbox 1033 2757 1263 2819; x_wconf 87' lang='lat' dir='ltr'>urbanis</span> <span class='ocrx_word' id='word_1_222' title='bbox 1284 2775 1444 2819; x_wconf 85' lang='lat' dir='ltr'>erant</span> <span class='ocrx_word' id='word_1_223' title='bbox 1462 2803 1481 2830; x_wconf 90' lang='lat'>‚</span> <span class='ocrx_word' id='word_1_224' title='bbox 1500 2756 1613 2816; x_wconf 84' lang='lat' dir='ltr'>fre-</span> <span class='ocrx_word' id='word_1_225' title='bbox 1678 2807 1687 2810; x_wconf 83' lang='lat'><strong>.</strong></span> 
     </span>
    </p>
   </div>
   <div class='ocr_carea' id='block_1_3' title="bbox 237 2835 1613 2980">
    <p class='ocr_par' dir='ltr' id='par_1_3' title="bbox 237 2835 1613 2980">
     <span class='ocr_line' id='line_1_33' title="bbox 237 2835 1613 2979; baseline -0.005 -72"><span class='ocrx_word' id='word_1_226' title='bbox 237 2859 486 2928; x_wconf 78' lang='lat' dir='ltr'>quentes</span> <span class='ocrx_word' id='word_1_227' title='bbox 520 2841 778 2904; x_wconf 87' lang='lat' dir='ltr'>tribunos</span> <span class='ocrx_word' id='word_1_228' title='bbox 807 2839 993 2923; x_wconf 76' lang='lat' dir='ltr'>piebis</span> <span class='ocrx_word' id='word_1_229' title='bbox 1013 2837 1291 2979; x_wconf 50' lang='lat' dir='ltr'>adiss&#39;enfvi</span> <span class='ocrx_word' id='word_1_230' title='bbox 1312 2840 1397 2898; x_wconf 87' lang='lat' dir='ltr'>uti</span> <span class='ocrx_word' id='word_1_231' title='bbox 1420 2835 1613 2900; x_wconf 75' lang='lat' dir='ltr'>causas</span> 
     </span>
     <span class='ocr_line' id='line_1_34' title="bbox 1330 2939 1372 2980; baseline 0 0"><span class='ocrx_word' id='word_1_232' title='bbox 1330 2939 1372 2980; x_wconf 82' lang='lat' dir='ltr'><strong>v</strong></span> 
     </span>
    </p>
   </div>
  </div>
 </body>
</html>
