2004 3691
426 275 792 348 LIBER
891 273 1312 348 XXXII.
1413 295 1545 346 -121

1582 370 1784 430 ===1

118 441 141 454 ,
182 385 413 451 flumini
448 391 626 452 castra
662 393 979 474 applicuit3
1011 395 1144 455 inde
1173 389 1464 454 ‘mittendo
1497 393 1557 452 in
1583 441 1620 483 U
1643 455 1664 480 c
1690 451 1778 490 m·

178 470 356 533 vicos
412 471 885 534 Cenomanorum
940 475 1303 556 Brixiamque
1329 517 1348 545 ‚
1398 473 1558 554 quod
1581 469 1780 540 ιὲζιςη.

182 569 365 633 caput
400 556 583 635 gentis
623 569 783 626 erat,
820 572 882 614 ut
919 553 1046 615 satis
1090 558 1410 636 comperit,
1437 567 1559 613 non

183 650 265 692 ex
280 632 609 694 audioritate
627 633 915 695 seniorum
928 634 1294 715 juventutem
1310 637 1368 694 in
1393 637 1561 694 armis

179 710 307 772 esse
330 757 351 784 ‚
386 735 491 774 nec
536 715 769 794 publico
814 715 1052 776 consilio
1092 714 1410 775 Insubrium
1453 715 1562 774 de·-

184 791 429 854 feffloni
460 792 835 856 Cenomanos
867 794 923 856 se
960 793 1268 878 adjunxiss’e
1301 817 1322 869 ;
1361 797 1560 860 excitis

184 873 268 933 ad
291 872 355 933 se
420 875 757 957 rincipibus‚
776 876 837 935 id
858 898 889 935 a
930 897 1026 937 ere
1053 899 1117 937 ac
1139 877 1328 937 moliri
1351 877 1558 955 coepit,

184 972 257 1014 ut
280 954 357 1014 de
384 953 653 1016 ciscerent
674 955 745 1015 ab
770 954 897 1016 Insu
942 957 1094 1034 ribus
1115 955 1473 1029 Cenomani,
1493 957 1558 1016 &

184 1032 365 1116 {ignis
397 1033 623 1096 sublatis
640 1081 661 1110 ,
685 1053 781 1095 aut
811 1037 1022 1098 domos
1054 1037 1305 1098 redirent
1322 1082 1339 1110 ,
1365 1051 1458 1094 aut
1487 1033 1562 1094 ad

184 1113 497 1176 Romanos
536 1113 852 1177 transirent.
892 1117 968 1178 Et
1001 1118 1063 1177 id
1099 1117 1336 1200 quidem
1374 1117 1562 1196 impe-

182 1197 328 1256 trari
364 1197 629 1277 nequiit3
664 1199 723 1256 in
752 1197 813 1256 id
846 1196 977 1258 data
1013 1197 1158 1258 fides
1195 1194 1412 1258 consuli
1443 1193 1562 1270 est,

186 1293 259 1335 ut
282 1278 345 1336 in
368 1279 488 1336 acie
510 1292 604 1337 aut
625 1275 1011 1360 quiescerent,
1030 1296 1158 1352 aut,
1179 1276 1222 1338 fi
1246 1297 1360 1358 qua
1385 1278 1561 1336 etiam

186 1355 425 1417 occasio
454 1355 672 1431 fuiss'et,
697 1357 1037 1418 ad'uvarent
1067 1359 1384 1420 Romanos.
1413 1355 1563 1416 Haee

184 1439 275 1497 ita
312 1435 637 1497 conveniffe
674 1436 741 1498 In
764 1438 933 1499 ubres
969 1439 1311 1521 ignorabant
1339 1460 1358 1512 ;
1391 1434 1561 1497 sabe·-

184 1533 285 1578 rat
316 1534 510 1578 tamen
540 1518 803 1600 quaedam
832 1517 1073 1600 suspicio
1109 1521 1340 1590 animis»,
1368 1517 1557 1577 labare

186 1596 383 1658 fidem
424 1596 723 1659 sociorum.
774 1597 973 1680 Itaque
999 1643 1019 1671 ‚
1062 1619 1238 1681 quum
1275 1601 1334 1658 in
1375 1601 1560 1658 aciem

188 1675 550 1753 eduxissent,
578 1695 842 1739 neutrum
878 1683 943 1738 iis
980 1701 1160 1740 cornu
1197 1683 1562 1739 committere
1625 1703 1634 1713 ¹

190 1757 351 1832 ausi,
373 1779 484 1832 ne,
504 1757 548 1820 fi
582 1759 723 1820 dolo
762 1757 1071 1834 ceffiffent‚
1100 1780 1222 1820 rem
1257 1775 1438 1818 totam
1472 1760 1564 1815 in-

188 1839 480 1901 clinarent
499 1884 519 1915 ‚
559 1838 689 1936 gost
731 1837 886 1923 signa
926 1843 986 1901 in
1027 1839 1280 1901 subsidiis
1325 1860 1428 1899 eos
1473 1837 1565 1897 lo·-

188 1938 501 1981 caverunt.
552 1920 772 1981 bonsul
814 1923 1098 2003 principio
1143 1942 1223 2002 pu
1265 1942 1350 1980 nae
1393 1920 1566 1983 vovit

194 2002 396 2063 aedem
422 1999 659 2082 Sospitae
678 2000 921 2074 lunoni,
946 2001 988 2062 fi
1017 2024 1090 2063 eo
1119 2002 1213 2063 die
1281 1999 1430 2061 ostes
1456 1997 1564 2059 fust

192 2081 491 2164 fugatique
522 2079 713 2142 essent.
742 2081 803 2141 A
830 2083 1102 2143 militibus
1137 2083 1356 2143 clamor
1385 2078 1569 2141 subla-

194 2165 333 2233 tus,
357 2179 692 2243 compotem
720 2165 847 2222 voti
882 2162 1174 2225 consulem
1203 2160 1260 2223 se
1289 2160 1569 2233 faauros,

200 2244 273 2303 ὃ(
301 2244 553 2322 impetus
586 2245 647 2301 in
678 2240 869 2303 hostes
900 2243 983 2304 est
1017 2242 1208 2303 faIstuS.
1242 2242 1382 2303 Non
1419 2242 1572 2299 tule-

198 2338 339 2383 runt
360 2320 621 2383 Insubres
646 2326 896 2403 primum
923 2322 1261 2385 concursum
1284 2346 1298 2383 ε
1329 2322 1568 2403 quidam

202 2404 276 2464 &
319 2424 353 2461 a
397 2399 745 2463 Cenomanis
774 2448 795 2477 ,
835 2420 997 2486 terga
1051 2403 1288 2484 repente
1337 2404 1396 2460 in
1422 2398 1572 2481 -ipso

198 2484 521 2543 certamine
565 2504 599 2541 a
636 2481 824 2565 gressis
852 2525 873 2554 ,
914 2483 1219 2544 tumultum
1265 2484 1572 2563 ancipitem

202 2561 482 2643 injeEium
514 2584 585 2623 au
640 2584 770 2623 ores
801 2562 966 2636 sunt,
998 2562 1249 2645 caesaque
1283 2565 1343 2622 in
1374 2562 1573 2621 medio

206 2646 464 2725 quinque
489 2644 553 2705 &
572 2645 800 2725 triginta
825 2645 1002 2704 millia
1030 2642 1575 2725 hostium‚quinqu‘e
1627 2648 1631 2652 '

209 2723 398 2785 millia
429 2724 495 2784 &
520 2722 909 2806 septingentos
945 2726 1118 2787 vivos
1155 2742 1354 2805 captos
1372 2769 1390 2797 ‚
1419 2726 1476 2781 in
1505 2724 1576 2781 iis

208 2803 568 2865 Amilcarem
616 2804 927 2866 Poenorum
980 2808 1385 2887 imperatorem
1415 2848 1433 2876 ‚
1478 2803 1578 2883 qui

206 2884 351 2948 belli
388 2882 551 2945 causa
586 2882 770 2947 fuiss'et
798 2907 815 2947 t
852 2882 1006 2969 figna
1044 2886 1310 2948 militaria
1349 2900 1580 2943 centum

231 2995 238 3001 ¹
308 2967 510 3028 Tamus
547 2968 618 3030 V.
1301 2962 1348 3024 F
1471 2970 1488 2975 “

1870 3536 1950 3579 A
