2004 3691
484 237 860 345 Lmsn
958 273 1379 344 XXXII.
1489 289 1612 344 [οἰ

246 406 357 451 nec
391 384 585 464 scalis,
606 397 724 452 ‘nec
758 390 1036 472 operibus
1073 391 1202 472 capi
1244 407 1469 471 poterat
1491 409 1512 463 3
1531 389 1620 448 la·-

240 469 513 532 cess'endo
567 470 861 532 miffilibus
910 492 1015 532 eos
1035 515 1055 544 ,
1105 473 1201 552 qui
1239 473 1298 530 in
1393 469 1614 531 raefidio

241 549 407 612 erant
426 597 447 627 ‚
471 573 652 634 quum
670 553 745 612 ad
766 551 1128 612 excursiones
1150 551 1314 612 elicui
1363 567 1460 612 ent
1480 597 1499 626 ,
1523 572 1618 612 re-

239 631 305 691 fu
348 635 523 694 'endo
560 637 620 692 in
658 634 854 693 vicem
890 629 1403 714 insequendoque,
1439 634 1504 693 &
1539 633 1616 693 le·

240 651 417 774 viffus
451 712 569 774 fine
600 711 808 774 effeciu
848 714 1245 774 certaminibus
1270 759 1289 788 ,
1324 715 1399 773 eb
1443 714 1619 796 negli-

242 795 455 875 gentiae
480 795 545 855 &
572 795 937 874 contemptus
971 794 1359 867 adduxerunt,
1389 811 1451 854 ut
1478 815 1615 856 cum

242 873 657 956 refugientibus
688 877 747 934 in
774 891 999 956 portam
1031 877 1294 957 permixti
1329 877 1612 956 impetum

239 953 500 1015 Romani
516 955 785 1018 facerent.
810 954 923 1016 Sex
953 957 1063 1016 alia
1085 955 1358 1038 ignobilia
1385 954 1614 1017 castella

234 1031 511 1096 Phocidis
550 1052 769 1096 terrore
810 1039 991 1120 magis
1013 1079 1031 1108 ,
1075 1036 1248 1118 quam
1290 1039 1458 1095 armis
1483 1079 1504 1108 ,
1548 1038 1612 1096 in

237 1114 588 1197 potestatem
640 1135 941 1178 venerunt.
996 1115 1184 1177 Elatia
1225 1113 1421 1176 clausit
1471 1137 1611 1197 por-

236 1211 331 1256 tas
374 1219 394 1271 ;
434 1218 587 1272 nec,
629 1196 733 1257 nisi
783 1199 846 1258 vi
891 1215 1277 1280 cogerentur,
1320 1199 1614 1278 recepturi

239 1278 536 1338 moenibus
550 1277 896 1340 videbantur
924 1296 1022 1339 aut
1051 1278 1293 1351 ducem,
1325 1294 1421 1339 aut
1445 1298 1612 1339 exer·-

240 1361 429 1420 ''citum
461 1359 809 1420 Romanum.
978 1414 996 1426 .

327 1437 492 1500 XIX.
532 1437 772 1500 Elatiam
810 1437 1094 1500 obsidenti
1115 1437 1334 1502 consuli
1375 1441 1460 1500 rei
1489 1460 1610 1500 ma-

236 1517 392 1601 joris
420 1517 549 1601 spes
586 1518 789 1580 affulsit
810 1564 828 1593 ‚
861 1519 1214 1581 Achaeorum
1259 1537 1492 1604 gentem
1534 1521 1610 1581 ab

238 1599 520 1680 societate
534 1622 593 1662 re
636 1603 687 1661 'a
696 1601 771 1662 ad
785 1601 1107 1662 Romanam
1123 1601 1431 1662 amicitiam
1445 1623 1612 1664 aver-

236 1681 431 1742 tendi.
466 1679 599 1762 Cyc
624 1682 841 1754 'adam‚
876 1684 1196 1764 principem
1235 1680 1494 1744 fastionis
1535 1682 1612 1741 ad

239 1762 578 1844 Philippum
589 1763 932 1824 trahentium
950 1783 1040 1822 res
1059 1808 1077 1837 ,
1091 1761 1441 1841 expulerant.
1461 1758 1616 1821 Aris·

1643 405 1836 450 ====e

1643 473 1840 520 U.c.554.

1639 521 1841 573 2013ss-

236 1856 425 1907 taenus
444 1890 465 1916 ,
487 1845 585 1927 qui
606 1843 883 1906 Romanis
902 1861 1135 1985 {entem
1154 1841 1316 1926 jungi
1337 1841 1613 1917 volebat,
1663 1898 1674 1903 ,

242 1938 465 2007 praetor
496 1941 634 1985 erat.
682 1924 881 1987 Claffis
972 1946 1182 1985 omana
1229 1945 1364 1985 cum
1408 1924 1612 1985 Attalo

242 2007 313 2066 8(
355 2005 598 2066 Rhodiis
629 2004 943 2067 Cenchreis
970 2004 1148 2065 stabat
1169 2048 1189 2077 ,
1221 2004 1615 2087 parabantque·

241 2088 545 2147 communi
579 2106 782 2146 omnes
830 2083 1068 2147 confilio
1113 2082 1466 2147 Corinthum
1504 2108 1614 2166 op-

240 2184 521 2249 pugnare.
556 2166 867 2248 Optimum
895 2169 1066 2249 igitur
1093 2184 1243 2227 ratus
1273 2165 1392 2239 est,
1434 2164 1610 2247 prius·
1649 2196 1834 2251 ἁμά,

243 2264 423 2327 quam
462 2251 589 2309 e'am
620 2268 743 2307 rem
778 2248 1260 2329 aggrederentur,
1293 2248 1512 2329 legatos
1534 2247 1606 2307 ad
1632 2244 1824 2333 §mamb

1705 2309 1794 2334 eoru

242 2334 485 2409 'gentem
518 2327 869 2388 Achaeorum
914 2330 1101 2401 mitti,
1140 2328 1480 2409 pollicentes
1501 2370 1521 2399 ‚
1563 2326 1608 2387 fi
1627 2342 1745 2393 soen,
1779 2310 1836 2381 αἳ

242 2408 327 2469 ab
369 2428 501 2491 rege
546 2409 619 2468 ad
659 2408 957 2469 Romanos
988 2406 1322 2469 defecissent
1341 2453 1360 2482 ,
1401 2404 1613 2468 Corin-

241 2488 417 2567 thum
448 2490 515 2548 iis
556 2489 981 2549 contributuros
1013 2490 1075 2547 in
1095 2490 1390 2569 antiquum
1425 2492 1611 2571 gentis

238 2569 579 2629 concilium.
612 2568 863 2633 Auciore
889 2568 1124 2631 consule
1143 2615 1162 2645 ,
1191 2570 1360 2651 legati
1382 2591 1414 2628 a
1438 2570 1612 2632 fratre

240 2648 381 2725 eius
410 2647 475 2709 L.
512 2648 765 2729 Quintio
788 2695 808 2724 ,
844 2651 909 2713 &
942 2648 1144 2711 Attalo
1169 2693 1188 2723 ,
1223 2652 1287 2711 &
1329 2649 1612 2723 Rhodiis‚'

240 2732 318 2792 &
352 2728 795 2790 Atheniensibus
826 2774 846 2803 ,
898 2730 972 2791 ad
1019 2729 1268 2791 Achaeos
1313 2729 1477 2791 miffi.
1525 2730 1612 2792 Si-

240 2830 446 2890 cyone
468 2811 666 2871 datum
698 2813 769 2870 iis
796 2809 877 2871 est
902 2812 1229 2873 concilium.
1253 2809 1388 2871 Erat
1416 2828 1609 2873 autem

234 2910 367 2961 non
392 2891 712 2966 admodum
754 2890 995 2978 simplex
1025 2890 1276 3037 habitusE
1288 2892 1612 2985 animorum

1141 2996 1151 2999 -
1310 2992 1370 3057 u,

1636 2390 1818 2436 Aeacos.
