2004 3691
209 401 405 444 h=====

212 463 410 518 U·⁴···557·

211 516 408 569 ⁸·.C.195·

257 2330 421 2371 caronis

219 2395 286 2419 om
295 2384 344 2418 ri·
369 2382 422 2419 ad

219 2430 379 2468 milites·

429 279 570 341 220
817 258 894 330 T.
991 261 1051 330 L
1096 277 1135 329 ι
1186 275 1245 329 r
1291 275 1330 328 1
1378 275 1420 330 ι

428 375 767 473 Ilergetibus
789 377 1047 437 nuntiare
1083 398 1149 437 ea
1174 374 1341 456 jubet
1362 397 1385 451 ;
1410 372 1597 437 filium
1622 373 1825 517 relg'i'g

429 474 672 520 comiter
709 457 979 518 habendo
1002 500 1023 531 ,
1054 459 1119 520 &
1170 455 1505 518 muneribus
1546 477 1669 539 apu

427 541 654 600 retinet.
689 537 887 633 Legati
931 557 1053 596 non
1106 537 1238 597 ante
1261 597 1274 602 ,
1294 535 1539 620 profe&
1561 581 1583 610 ,
1626 533 1814 617 quium

427 616 734 700 impositos
771 640 831 678 m
873 638 1055 678 naves
1102 619 1317 678 milites
1358 617 1638 678 viderunt
1686 638 1704 675 ·.
1744 616 1810 675 id

425 719 539 782 pro
563 700 716 760 haud
755 699 934 758 dubio
969 695 1091 778 jam
1122 700 1447 758 nuntiantes
1462 743 1483 773 ,
1504 719 1628 756 non
1670 695 1807 756 suos

425 780 611 856 niodb
636 825 656 854 ,
693 777 791 839 sed
841 780 1019 838 etiam
1060 777 1253 839 hostes
1270 821 1292 852 ‚
1343 777 1497 838 fama
1542 777 1809 840 Romani

426 859 624 922 auxilii
660 859 1021 921 adventantis
1050 860 1461 941 impleverunt.

511 937 676 1000 XIII.
703 937 926 1002 Consul
953 937 1052 999 ubi
1078 938 1209 1000 satis
1228 983 1247 1012 ‚
1272 939 1434 1021 quod
1458 940 1519 998 in
1543 935 1807 1020 speciem

425 1017 534 1080 fuit
553 1064 572 1093 ,
611 1019 956 1082 ostentatum
984 1016 1069 1078 est
1089 1064 1111 1094 ‚
1144 1021 1409 1080 revocari
1447 1039 1519 1078 ex
1554 1018 1809 1078 navibus

426 1101 640 1162 milites
669 1100 831 1182 jubet
865 1121 886 1174 ;
913 1097 1034 1181 ipse
1055 1145 1075 1176 ,
1110 1120 1291 1181 quum
1324 1096 1443 1178 jam
1466 1099 1529 1157 id
1565 1115 1805 1178 tempus

425 1184 560 1242 anni
588 1181 884 1262 appeteret
909 1223 930 1254 ,
961 1199 1081 1262 quo
1118 1181 1239 1261 geri
1267 1199 1359 1238 res
1382 1177 1650 1260 poss'ent·,
1684 1175 1809 1250 cas-3

426 1277 517 1322 tra
548 1261 786 1323 hiberna
817 1261 921 1320 tria
958 1261 1143 1320 millia
1182 1256 1440 1340 pulsuum
1477 1259 1549 1318 ab
1572 1257 1685 1318 Em

428 1344 528 1402 riis
560 1343 784 1423 posuit:
805 1341 940 1400 inde
974 1343 1079 1422 per
1114 1338 1479 1412 occasiones,
1512 1343 1667 1398 nunc
1736 1359 1807 1398 ac

428 1438 593 1504 parte
608 1464 629 1495 ,
668 1441 818 1488 nunc
843 1420 942 1482 illa
967 1463 987 1494 ,
1026 1420 1265 1481 modico
1303 1417 1569 1500 praefidio
1606 1417 1803 1479 castris

428 1501 631 1572 relieio
651 1545 671 1576 ‚
690 1500 1009 1582 praedatum
1032 1501 1244 1562 milites
1266 1502 1325 1560 in
1342 1498 1593 1560 hostiurn
1627 1519 1802 1581 agros

431 1582 736 1644 educebat.
787 1580 848 1642 N
851 1580 978 1641 οᾶε
1021 1580 1205 1642 ferme
1256 1579 1761 1662 proficiscebantur
1780 1624 1802 1654 ,

430 1680 496 1724 ut
529 1664 594 1725 &
625 1662 800 1744 quiim
841 1659 1161 1743 longiffime
1198 1682 1233 1720 a
1269 1659 1459 1722 castris
1501 1659 1798 1742 procede-

429 1759 560 1803 rent
577 1786 597 1816 ,
619 1743 684 1804 δι
710 1744 1079 1823 inopinantes
1106 1743 1523 1823 opprimerent.
1540 1740 1618 1800 Et
1640 1759 1802 1800 exer-

432 1823 601 1885 cebat
648 1841 716 1900 ea
749 1843 840 1885 res
899 1843 1091 1883 novos
1148 1819 1357 1883 milites
1380 1865 1400 1896 ,
1442 1821 1509 1884 δι
1546 1818 1803 1881 hostium

430 1925 638 1987 magna
667 1905 757 1987 vis
805 1903 1195 1985 excipiebatur
1226 1924 1247 1977 ;
1273 1923 1381 1963 nec
1420 1900 1539 1983 jam
1598 1921 1631 1961 e
1704 1902 1801 1963 edi

434 2002 596 2045 extra
653 1984 1014 2048 munimenta
1074 1981 1435 2058 castellorum
1490 1982 1637 2043 aude
1680 1999 1797 2044 ant.

432 2062 555 2125 Ubi
588 2061 716 2125 satis
747 2062 1063 2127 admodum
1092 2066 1157 2127 &
1186 2062 1419 2123 suorum
1456 2064 1522 2125 &
1544 2061 1798 2123 hostium

432 2146 660 2207 animos
697 2142 779 2203 est
811 2160 1083 2227 expertus
1104 2188 1125 2217 ,
1152 2144 1463 2203 convocari
1502 2142 1800 2217 tribunos,

435 2222 900 2306 praefekiosque5
925 2224 989 2285 &
1034 2225 1253 2303 equites
1285 2242 1526 2295 omnes,
1568 2224 1639 2283 &
1666 2243 1800 2283 cen-

437 2306 690 2381 turiones
719 2302 886 2385 juffit.
923 2304 1149 2385 Tempus
1169 2348 1189 2377 ,
1229 2305 1446 2384 inquit,
1472 2306 1624 2383 quod
1655 2301 1803 2383 saepe

439 2388 666 2467 optastis
678 2430 703 2457 ,
736 2386 886 2443 νὲηὶε
903 2428 927 2455 ,
957 2406 1065 2463 quo
1087 2384 1244 2447 vobis
1256 2384 1493 2464 potestas
1516 2384 1672 2461 fieret
1701 2386 1808 2444 vit·-

437 2484 598 2525 tutem
637 2467 856 2547 vestram
899 2488 932 2524 ο
974 2466 1218 2525 endendi.
1254 2464 1459 2525 Adhuc
1487 2466 1805 2543 predonum

438 2548 614 2626 magis
641 2584 662 2617 5
704 2546 866 2624 qucim
941 2546 1221 2608 ellantium
1243 2588 1264 2614 ,
1300 2544 1573 2623 militastis
1608 2565 1753 2603 more
1780 2565 1800 2603 .·

439 2649 581 2689 nunc
593 2623 743 2706 justa
766 2625 972 2706 pugni
989 2626 1159 2706 hostes
1194 2644 1312 2685 cum
1342 2624 1579 2703 hostibus
1622 2622 1805 2701 eonfi-

441 2708 580 2782 rssris·
601 2727 818 2779 mianum
849 2727 876 2777 ,·
903 2726 1015 2771 non
1046 2725 1203 2787 agtus
1226 2706 1351 2765 inde
1384 2704 1644 2785 populun}
1658 2746 1679 2777 ,
1704 2702 1805 2779 sed

441 2789 649 2853 urbium
679 2806 808 2864 opes
837 2786 1112 2851 exhaurire
1146 2784 1341 2844 licebit.
1376 2785 1574 2845 Patres
1604 2785 1769 2863 nostri
1779 2827 1804 2855 ,

441 2873 601 2966 wssm
639 2863 920 2948 Hispania
941 2864 1465 2955 Catghaginiensmm
1480 2908 1508 2951 ³.
1548 2862 1606 2927 δ’
1628 2865 1808 2950 'impe-2
