2004 3691
425 262 515 334 32
811 242 1475 311 Ίὶιινιι

210 370 396 403 ΕΞ
424 352 602 437 usque
640 352 714 415 ad
755 354 990 417 noRem
1040 358 1244 419 tenuit.
1298 340 1599 419 Pfirn-is
1664 368 1859 413 tene

199 425 410 521 ,⁰329ss
427 438 616 497 movit
635 458 656 511 ;
677 436 740 497 &
758 438 1064 519 tranquillo
1087 435 1435 519 perveffis
1474 434 1777 497 Chalci
1786 436 1873 494 d<

427 516 603 657 gaulo
628 532 758 577 ante
789 518 980 579 lucem
999 564 1020 593 ,
1050 518 1165 599 qua
1182 514 1873 599 infrequentiflima

469 601 520 657 is
545 595 668 658 sunt
687 641 708 670 ‚
727 601 921 679 paucis
938 599 1213 659 militibus
1246 600 1511 659 turrim
1548 597 1875 677 proxim

431 700 777 760 murumque
815 680 966 740 circa
997 677 1157 739 scalis
1196 682 1371 760 cepit
1398 724 1425 753 ,
1474 678 1666 737 alibi
1718 674 1879 756 sop.¹

432 758 764 825 custodibus
787 804 808 834 ‚
841 761 974 822 alibi
1007 760 1169 820 nullo
1214 758 1671 821 custodiente
1722 780 1748 817 :
1792 776 1879 837 p:

433 837 601 922 greffi
629 840 760 901 inde
781 840 856 901 ad
875 840 1193 922 frequentia
1211 838 1515 901 adificiis
1540 838 1711 898 loca
1736 879 1763 907 ,
1800 857 1879 895 cu

433 919 672 981 todibus
705 919 1045 996 interfeffls,
1075 920 1463 1002 refrafflique
1504 918 1719 1001 porta
1746 959 1773 987 ,
1834 936 1878 974 c

435 1019 624 1062 teram
643 1003 1069 1063 multitudinem
1082 1021 1461 1065 armatorum
1478 1017 1878 1079 acceperut]

438 1080 586 1143 Inde
616 1086 675 1143 in
706 1099 890 1144 totam
922 1083 1127 1143 urbem
1154 1082 1497 1143 discursum
1537 1078 1637 1139 est
1664 1102 1689 1153 ;
1716 1075 1878 1137 au&

445 1166 623 1222 etiam
673 1165 921 1223 tumultu
953 1206 974 1236 ,
1020 1164 1177 1245 quod
1226 1166 1393 1223 circa
1456 1160 1682 1221 forum
1732 1159 1878 1239 igni

444 1241 612 1303 teffls
645 1242 884 1323 injefitus
922 1261 1061 1304 erat.
1095 1242 1573 1323 Conflagrarunt
1618 1241 1694 1301 &
1734 1238 1877 1296 hor-

445 1342 547 1383 rea
581 1324 738 1405 regia
759 1367 779 1397 ,
810 1326 874 1387 &
909 1326 1419 1385 armamentarium
1448 1342 1597 1383 cum
1634 1321 1879 1401 ingenti

447 1424 484 1463 a
527 1421 724 1481 paratu
795 1404 1187 1465 machinarum
1256 1419 1877 1481 tormentorumque.

511 1482 663 1542 aedes
694 1484 829 1545 inde
867 1482 1064 1566 paffim
1112 1484 1467 1567 fugientium
1510 1483 1745 1565 pariter
1787 1501 1864 1538 ac

449 1566 891 1645 repugnantium
938 1563 1066 1627 fieri
1116 1583 1306 1646 coepta
1358 1562 1447 1625 est
1492 1586 1513 1639 ;
1558 1582 1675 1621 nec
1722 1560 1855 1621 usso

451 1640 570 1723 jam
594 1687 614 1717 ,
657 1646 756 1727 qui
803 1646 1061 1705 militaris
1114 1646 1295 1705 aetatis
1347 1642 1488 1705 effer
1510 1688 1530 1717 ‚
1571 1664 1695 1701 non
1740 1658 1847 1701 aut

453 1722 600 1783 caeso
625 1768 642 1796 ‚
665 1744 761 1786 aut
777 1724 975 1807 fugato
999 1770 1019 1797 ‚
1040 1724 1286 1806 Sopatro
1309 1729 1481 1785 etiam
1512 1722 1831 1783 Acarnane

452 1802 726 1886 praefefio
757 1804 1000 1888 praesidii
1038 1804 1341 1867 interfeao
1362 1850 1383 1878 ‚
1407 1803 1603 1886 praeda
1632 1806 1822 1865 omnis

453 1887 645 1966 primo
688 1888 750 1944 in
783 1885 974 1946 forum
1015 1885 1262 1958 collata,
1306 1886 1510 1946 deinde
1546 1887 1605 1947 in
1634 1902 1813 1944 naves

455 1963 767 2046 impofita:
800 1987 990 2026 carcer
1022 1971 1191 2026 etiam
1221 1968 1293 2026 ab
1328 1965 1563 2027 Rhodiis
1599 1965 1805 2026 refrac-

459 2061 548 2106 tus
568 2069 588 2120 3
606 2044 900 2128 emissique
925 2049 1177 2128 captivi,
1230 2069 1335 2108 uos
1356 2045 1631 2128 Philippus
1659 2065 1798 2107 tam-

247 2121 444 2207 ωξῑζζξ·
505 2147 637 2186 uam
666 2129 725 2185 in
754 2125 1083 2188 tutiffimam
1117 2150 1189 2188 cu
1238 2129 1423 2188 odiam
1451 2127 1786 2190 condiderat.

246 2221 440 2268 linquunt·
507 2208 673 2268 tatuis
719 2208 854 2268 inde
904 2211 1057 2290 regis
1110 2207 1343 2290 dejectis
1394 2207 1739 2290 truncatisque
1763 2253 1783 2283 ,

465 2287 625 2371 figno
653 2289 908 2370 receptui
939 2289 1112 2363 dato‘,
1137 2287 1559 2350 conscenderunt
1584 2309 1775 2364 naves,

467 2372 533 2431 &
545 2369 850 2442 Piraeeum,
868 2369 1021 2430 unde
1046 2368 1287 2452 profeffl
1312 2388 1479 2443 erant,
1491 2369 1763 2432 redierunt.

468 2447 659 2528 Quod
689 2449 731 2509 s1
762 2467 984 2512 tantum
1007 2451 1255 2512 rnilitum
1276 2448 1623 2510 Romanorum
1642 2448 1764 2510 fuiss-

467 2527 590 2602 set,
626 2545 690 2588 ut
731 2531 798 2590 &
835 2528 1287 2600 Chalcisteneri
1313 2573 1329 2601 ,
1359 2532 1413 2592 δι
1441 2551 1542 2589 non
1592 2528 1751 2592 deseri

445 2610 448 2614 ’
467 2606 796 2691 praefidiurn
811 2608 1173 2670 Athenarum
1194 2608 1433 2692 potuiss'et
1448 2631 1462 2682 ;
1478 2630 1555 2670 ma
1620 2632 1647 2670 a
1662 2631 1745 2672 res

468 2689 751 2772 principio
793 2687 976 2750 statim
1012 2689 1191 2763 belli,
1222 2687 1420 2751 Chalcis
1449 2691 1502 2750 &
1572 2693 1642 2750 uri
1680 2713 1734 2754 us

473 2769 742 2848 adempta
758 2772 886 2851 ‘regi
913 2769 1105 2830 forent
1143 2789 1159 2830 t
1198 2791 1323 2830 nam
1353 2787 1405 2830 ut
1430 2770 1549 2832 terri
1586 2769 1633 2832 T
1664 2793 1731 2834 et*-

471 2848 842 2930 mopylarum
889 2847 1155 2931 angustia
1193 2849 1441 2916 Graeciam
1463 2893 1481 2924 ,
1513 2851 1575 2912 ita
1608 2855 1724 2931 mani

473 2929 684 2993 fretum
715 2927 912 3020 Euripi
947 2929 1181 2996 claudit.
