2004 3691
347 288 716 361 LIBER
818 271 1264 356 XXXIV.
1357 260 1486 382 '265

136 397 440 463 Gallorum
474 420 671 463 tamen
710 402 781 463 ad
822 403 1092 463 undecim
1129 404 1343 475 millia,
1373 400 1501 462 Ro—
1526 424 1716 457 ετξ-ε

138 502 433 545 manorum
466 513 473 519 ·
501 487 755 567 quinque
825 485 1001 543 millia
1033 484 1078 558 ‚'
1107 484 1234 545 sunt
1292 482 1497 544 occisa.
1521 482 1718 581 {³5:322

140 561 292 623 Galli
327 584 599 647 recepere
633 567 692 625 in
719 563 917 627 intima
948 563 1150 626 finium
1180 564 1312 626 sese.
1344 562 1505 626 Con·
1545 560 1556 572 ”
1612 559 1623 571 ’

141 642 216 701 sul
248 645 592 707 Placentiam
638 646 893 729 legiones
934 646 1112 707 duxit.
1167 645 1502 728 Scipionem

146 724 274 799 alii,
304 726 610 805 conjunRo
646 728 897 787 exercitu
934 748 1068 786 cum
1101 728 1324 811 collega
1345 770 1362 799 ‚
1398 745 1503 807 per

98 840 103 845 ·
143 803 413 866 Boiorum
461 808 851 891 Ligurumque
906 830 937 867 a
976 830 1074 867 ros
1125 810 1502 891 populantem

146 884 233 946 iffe
260 932 280 959 ‚
368 889 521 949 uoad
582 888 857 971 progredi
914 829 1097 969 {lv-‘2
1199 886 1503 970 aludesque

148 966 300 1045 paffae
328 910 480 1041 zm,
515 967 765 1043 scribunt
800 990 814 1029 :
856 970 990 1043 alii,
1022 912 1194 1029 nulli)
1216 990 1506 1029 memora-

148 1046 241 1107 bili
286 1070 349 1109 re
396 1048 553 1133 gesta
578 1095 599 1125 ‚
644 1052 1015 1111 comitiorum
1065 1044 1236 1111 dus&
1281 1046 1508 1111 rediisse

148 1127 406 1191 Romam.

226 1209 492 1273 XLVIII.
526 1211 754 1273 Eodem
786 1212 900 1273 hoc
934 1234 1088 1273 anno
1121 1210 1200 1273 T.
1230 1210 1507 1293 Quintius

154 1287 339 1359 Elatiae
360 1337 379 1364 ‚
410 1294 527 1375 qub
564 1294 624 1353 in
658 1293 898 1353 hiberna
932 1294 1236 1355 reduxerat
1271 1295 1464 1373 copias
1483 1337 1506 1367 ‚

154 1386 331 1433 totum
370 1373 573 1434 hiemis
618 1390 848 1455 tempus
887 1372 1013 1453 jure
1063 1374 1315 1435 dicundo
1358 1394 1507 1434 con-

156 1451 374 1535 sumpsit
396 1500 415 1529 ,
442 1454 733 1515 mutandis
807 1476 839 1515 e
874 1458 944 1515 iis
966 1502 986 1529 ‚
1031 1478 1158 1539 quae
1200 1472 1294 1515 aut
1331 1453 1506 1536 ipsius

154 1530 431 1617 Philippi,
468 1552 565 1596 aut
606 1558 721 1617 prae
749 1534 1004 1597 eEtorum
1039 1536 1162 1619 ejus
1191 1535 1417 1597 licentia
1445 1537 1508 1595 in

160 1615 470 1676 civitatibus
501 1616 649 1677 facia
686 1634 847 1678 erant
870 1664 890 1692 ‚
933 1638 1109 1699 quum
1126 1662 1145 1691 ,
1175 1616 1286 1677 suae
1318 1614 1511 1675 faetio-

162 1697 239 1753 nis
272 1696 569 1757 hominum
599 1700 751 1759 vires
772 1698 1036 1781 augendo
1057 1743 1076 1772 ,
1111 1697 1302 1777 jusac
1339 1696 1510 1756 liber-

161 1788 327 1837 tatem
358 1778 603 1839 aliorum
622 1778 988 1862 deprimeret.
1009 1778 1182 1839 Veris
1204 1779 1368 1848 initio
1391 1774 1508 1836 Co·
1547 1790 1730 1856 Quin-rint

162 1859 397 1920 rinthum
418 1906 437 1935 ,
468 1879 759 1922 conventu
791 1861 1017 1932 εᾶὶἃο,
1038 1863 1200 1922 venit
1226 1881 1242 1920 z
1273 1859 1352 1918 ibi
1382 1879 1508 1918 om·
1528 1840 1720 1930 fifssfi‘m

164 1940 315 1998 nium
337 1943 631 2002 civitatum
652 1942 963 2025 legationes
983 1943 1043 2001 in
1061 1943 1354 2002 concionis
1378 1959 1509 2000 mo·
1531 1939 1734 2028 Jg‘fflgtff·

169 2019 297 2080 dum
329 2021 686 2082 circumfusas
726 2021 809 2082 est
868 2023 1181 2096 allocutus,
1233 2021 1388 2082 orsus
1439 2020 1507 2082 ab
1523 2005 1720 2091 Ῑοῖἶὲηωι

168 2101 294 2161 inita
323 2105 568 2184 primum
594 2101 871 2164 Romanis
902 2107 1146 2164 amicitia
1173 2125 1306 2164 cum
1351 2101 1516 2164 Grae-
1537 2092 1705 2140 “⁸⁶⁸⁰“

172 2201 359 2241 corum
388 2201 557 2266 gente
578 2229 598 2258 ,
622 2186 685 2245 &
708 2186 1124 2266 imperatorum
1139 2231 1157 2258 ,
1181 2187 1276 2266 qui
1303 2201 1431 2244 ante
1457 2181 1516 2243 se

171 2263 224 2320 in
262 2262 598 2324 Macedonia
630 2263 855 2327 fuissent
876 2311 895 2340 ,
934 2263 1154 2346 suisque
1187 2264 1358 2324 rebus
1391 2261 1522 2401 ges·-

174 2345 258 2400 tis.
298 2342 507 2405 Omnia
534 2367 666 2405 cum
701 2347 1116 2428 approbatione
1151 2346 1367 2427 ingenti
1419 2359 1524 2402 unt

176 2423 354 2483 audita
387 2448 406 2501 ;
437 2444 819 2509 praeterquam
844 2448 1022 2508 quum
1057 2425 1128 2484 ad
1164 2426 1525 2484 mentionem

179 2501 405 2566 Nabidis
439 2525 679 2568 ventum
713 2507 885 2580 estet,
927 2509 987 2567 id
1026 2506 1264 2566 minime
1307 2525 1528 2565 conve-

79 2585 91 2600 '
179 2586 332 2646 niens
348 2586 608 2648 liberanti
638 2586 927 2648 Graeciam
955 2587 1258 2648 videbatur
1276 2631 1295 2660 ,
1325 2603 1530 2668 tyran-

185 2683 313 2724 num
340 2668 440 2728 reli
486 2666 619 2728 uisse
642 2715 662 2743 ,
689 2689 809 2728 non
836 2667 950 2728 suae
977 2668 1162 2728 solum
1188 2670 1382 2750 patriae
1409 2687 1532 2748 gra-

185 2765 350 2818 vem,
384 2747 439 2808 se
524 2747 792 2809 omnibus
834 2749 983 2809 circa
1039 2750 1362 2810 civitatibus
1406 2767 1535 2806 me-

186 2828 448 2888 tuendum
469 2877 489 2906 ,
532 2830 844 2889 haerentem
899 2827 1208 2891 visceribus
1258 2823 1537 2886 nobiliffi-

192 2923 315 3049 ma}
308 2910 565 2972 civitatis.
588 2909 717 2973 Nec
738 2913 963 2995 ignarus
986 2907 1152 2993 hujus
1174 2907 1399 3049 halbjitfis
1421 2905 1540 2966 ani·

311 3009 456 3053 omns
502 2996 574 3056 V.
