<?xml version="1.0" encoding="UTF-8"?>
<!DOCTYPE html PUBLIC "-//W3C//DTD XHTML 1.0 Transitional//EN"
    "http://www.w3.org/TR/xhtml1/DTD/xhtml1-transitional.dtd">
<html xmlns="http://www.w3.org/1999/xhtml" xml:lang="en" lang="en">
 <head>
  <title>
</title>
<meta http-equiv="Content-Type" content="text/html;charset=utf-8" />
  <meta name='ocr-system' content='tesseract 3.04.00' />
  <meta name='ocr-capabilities' content='ocr_page ocr_carea ocr_par ocr_line ocrx_word'/>
</head>
<body>
  <div class='ocr_page' id='page_1' title='image "./titiliviipatavi01lallgoog_0352.png"; bbox 0 0 2004 3691; ppageno 0'>
   <div class='ocr_carea' id='block_1_1' title="bbox 501 206 1597 308">
    <p class='ocr_par' dir='ltr' id='par_1_1' title="bbox 501 206 1597 308">
     <span class='ocr_line' id='line_1_1' title="bbox 501 206 1597 308; baseline 0 -27"><span class='ocrx_word' id='word_1_1' title='bbox 501 208 638 308; x_wconf 84' lang='lat'>336</span> <span class='ocrx_word' id='word_1_2' title='bbox 885 206 1597 284; x_wconf 70' lang='lat' dir='ltr'>ZLtrrt&#39;</span> 
     </span>
    </p>
   </div>
   <div class='ocr_carea' id='block_1_2' title="bbox 277 322 1853 2184">
    <p class='ocr_par' dir='ltr' id='par_1_2' title="bbox 277 322 1853 2184">
     <span class='ocr_line' id='line_1_2' title="bbox 281 322 1853 391; baseline -0.004 0"><span class='ocrx_word' id='word_1_3' title='bbox 281 342 480 391; x_wconf 60' lang='grc' dir='ltr'>εει-ει</span> <span class='ocrx_word' id='word_1_4' title='bbox 498 325 788 388; x_wconf 82' lang='lat' dir='ltr'>fistentem</span> <span class='ocrx_word' id='word_1_5' title='bbox 807 324 1168 389; x_wconf 84' lang='lat' dir='ltr'>obtruncant.</span> <span class='ocrx_word' id='word_1_6' title='bbox 1188 326 1376 389; x_wconf 83' lang='lat' dir='ltr'>AEtoli</span> <span class='ocrx_word' id='word_1_7' title='bbox 1406 328 1567 389; x_wconf 84' lang='lat' dir='ltr'>circa</span> <span class='ocrx_word' id='word_1_8' title='bbox 1582 322 1853 388; x_wconf 64' lang='lat' dir='ltr'>Chaldaea·</span> 
     </span>
     <span class='ocr_line' id='line_1_3' title="bbox 283 406 1853 503; baseline -0.002 -34"><span class='ocrx_word' id='word_1_9' title='bbox 283 410 484 503; x_wconf 50' lang='lat' dir='ltr'>Ehe-3⁶⁰·</span> <span class='ocrx_word' id='word_1_10' title='bbox 500 430 614 469; x_wconf 86' lang='lat' dir='ltr'>con</span> <span class='ocrx_word' id='word_1_11' title='bbox 651 406 984 489; x_wconf 68' lang='lat' dir='ltr'>(Minervae</span> <span class='ocrx_word' id='word_1_12' title='bbox 1017 408 1099 469; x_wconf 89' lang='lat' dir='ltr'>est</span> <span class='ocrx_word' id='word_1_13' title='bbox 1128 410 1413 492; x_wconf 83' lang='lat' dir='ltr'>templum</span> <span class='ocrx_word' id='word_1_14' title='bbox 1440 406 1715 495; x_wconf 74' lang='lat' dir='ltr'>aer&#39;eum)</span> <span class='ocrx_word' id='word_1_15' title='bbox 1736 426 1853 468; x_wconf 86' lang='lat' dir='ltr'>con·</span> 
     </span>
     <span class='ocr_line' id='line_1_4' title="bbox 377 471 1851 572; baseline -0.003 -23"><span class='ocrx_word' id='word_1_16' title='bbox 377 488 390 501; x_wconf 82' lang='grc'><strong>”</strong></span> <span class='ocrx_word' id='word_1_17' title='bbox 415 471 482 513; x_wconf 70' lang='lat'>⁹²⁹</span> <span class='ocrx_word' id='word_1_18' title='bbox 501 489 720 572; x_wconf 81' lang='lat' dir='ltr'>gregati</span> <span class='ocrx_word' id='word_1_19' title='bbox 747 489 1055 550; x_wconf 67' lang='lat' dir='ltr'>caeduntur.</span> <span class='ocrx_word' id='word_1_20' title='bbox 1100 490 1277 551; x_wconf 85' lang='lat' dir='ltr'>Pauci</span> <span class='ocrx_word' id='word_1_21' title='bbox 1304 536 1325 567; x_wconf 91' lang='lat'><strong>,</strong></span> <span class='ocrx_word' id='word_1_22' title='bbox 1376 492 1551 550; x_wconf 85' lang='lat' dir='ltr'>armis</span> <span class='ocrx_word' id='word_1_23' title='bbox 1594 486 1815 566; x_wconf 68' lang='lat' dir='ltr'>abjeffls</span> <span class='ocrx_word' id='word_1_24' title='bbox 1832 527 1851 558; x_wconf 88' lang='lat'><strong>,</strong></span> 
     </span>
     <span class='ocr_line' id='line_1_5' title="bbox 499 568 1848 665; baseline -0.003 -36"><span class='ocrx_word' id='word_1_25' title='bbox 499 568 1054 665; x_wconf 52' lang='lat' dir='ltr'>parsTegeanupars</span> <span class='ocrx_word' id='word_1_26' title='bbox 1066 570 1304 653; x_wconf 85' lang='lat' dir='ltr'>Megalo</span> <span class='ocrx_word' id='word_1_27' title='bbox 1390 572 1492 629; x_wconf 87' lang='lat' dir='ltr'>lim</span> <span class='ocrx_word' id='word_1_28' title='bbox 1512 568 1679 652; x_wconf 83' lang='lat' dir='ltr'>perfu</span> <span class='ocrx_word' id='word_1_29' title='bbox 1720 570 1848 627; x_wconf 86' lang='lat' dir='ltr'>iunt:</span> 
     </span>
     <span class='ocr_line' id='line_1_6' title="bbox 500 649 1847 745; baseline -0.002 -36"><span class='ocrx_word' id='word_1_30' title='bbox 500 649 584 709; x_wconf 79' lang='lat' dir='ltr'>1bi</span> <span class='ocrx_word' id='word_1_31' title='bbox 603 694 626 723; x_wconf 88' lang='lat'><strong>,</strong></span> <span class='ocrx_word' id='word_1_32' title='bbox 655 649 1057 745; x_wconf 69' lang='lat' dir='ltr'>comprehensi</span> <span class='ocrx_word' id='word_1_33' title='bbox 1089 672 1124 711; x_wconf 89' lang='lat' dir='ltr'>a</span> <span class='ocrx_word' id='word_1_34' title='bbox 1152 654 1303 735; x_wconf 81' lang='lat' dir='ltr'>magi</span> <span class='ocrx_word' id='word_1_35' title='bbox 1358 652 1573 711; x_wconf 85' lang='lat' dir='ltr'>ratibus</span> <span class='ocrx_word' id='word_1_36' title='bbox 1592 694 1613 723; x_wconf 93' lang='lat'><strong>,</strong></span> <span class='ocrx_word' id='word_1_37' title='bbox 1638 649 1672 709; x_wconf 93' lang='lat' dir='ltr'>s</span> <span class='ocrx_word' id='word_1_38' title='bbox 1764 667 1847 707; x_wconf 81' lang='lat' dir='ltr'>co-</span> 
     </span>
     <span class='ocr_line' id='line_1_7' title="bbox 335 727 1845 815; baseline -0.002 -28"><span class='ocrx_word' id='word_1_39' title='bbox 335 745 480 787; x_wconf 63' lang='lat' dir='ltr'>rnuo-</span> <span class='ocrx_word' id='word_1_40' title='bbox 503 750 646 791; x_wconf 87' lang='lat' dir='ltr'>rona</span> <span class='ocrx_word' id='word_1_41' title='bbox 668 747 990 791; x_wconf 75' lang='lat' dir='ltr'>venierunt.</span> <span class='ocrx_word' id='word_1_42' title='bbox 1018 731 1423 815; x_wconf 65' lang='lat' dir='ltr'>Philopoemen</span> <span class='ocrx_word' id='word_1_43' title='bbox 1447 777 1468 807; x_wconf 92' lang='lat'><strong>‚</strong></span> <span class='ocrx_word' id='word_1_44' title='bbox 1490 730 1682 791; x_wconf 69' lang='lat' dir='ltr'>audita</span> <span class='ocrx_word' id='word_1_45' title='bbox 1701 727 1845 788; x_wconf 83' lang='lat' dir='ltr'>caede</span> 
     </span>
     <span class='ocr_line' id='line_1_8' title="bbox 283 808 1842 893; baseline -0.003 -24"><span class='ocrx_word' id='word_1_46' title='bbox 283 808 466 883; x_wconf 52' lang='lat'>2⁸:23⁸„</span> <span class='ocrx_word' id='word_1_47' title='bbox 502 813 767 891; x_wconf 83' lang='lat' dir='ltr'>tyranni,</span> <span class='ocrx_word' id='word_1_48' title='bbox 802 809 1089 893; x_wconf 62' lang='lat' dir='ltr'>profecius</span> <span class='ocrx_word' id='word_1_49' title='bbox 1118 813 1601 873; x_wconf 82' lang='lat' dir='ltr'>Lacedaemonem</span> <span class='ocrx_word' id='word_1_50' title='bbox 1624 851 1645 884; x_wconf 90' lang='lat'><strong>,</strong></span> <span class='ocrx_word' id='word_1_51' title='bbox 1676 826 1842 891; x_wconf 85' lang='lat' dir='ltr'>quum</span> 
     </span>
     <span class='ocr_line' id='line_1_9' title="bbox 279 888 1841 967; baseline 0 -22"><span class='ocrx_word' id='word_1_52' title='bbox 279 891 466 944; x_wconf 53' lang='lat' dir='ltr'>Imm&amp;</span> <span class='ocrx_word' id='word_1_53' title='bbox 503 893 702 951; x_wconf 84' lang='lat' dir='ltr'>omnia</span> <span class='ocrx_word' id='word_1_54' title='bbox 733 891 956 951; x_wconf 88' lang='lat' dir='ltr'>turbata</span> <span class='ocrx_word' id='word_1_55' title='bbox 989 908 1151 953; x_wconf 84' lang='lat' dir='ltr'>metu</span> <span class='ocrx_word' id='word_1_56' title='bbox 1198 890 1507 955; x_wconf 74' lang='lat' dir='ltr'>inveniss&#39;et</span> <span class='ocrx_word' id='word_1_57' title='bbox 1538 914 1559 967; x_wconf 75' lang='lat'>3</span> <span class='ocrx_word' id='word_1_58' title='bbox 1598 888 1841 951; x_wconf 80' lang='lat' dir='ltr'>evocatis</span> 
     </span>
     <span class='ocr_line' id='line_1_10' title="bbox 497 1076 1836 1215; baseline -0.005 -19"><span class='ocrx_word' id='word_1_59' title='bbox 497 1132 850 1196; x_wconf 74' lang='lat' dir='ltr'>Achaeorum</span> <span class='ocrx_word' id='word_1_60' title='bbox 894 1076 1662 1215; x_wconf 49' lang='lat' dir='ltr'>Laceffzmgnioseadju’nxit</span> <span class='ocrx_word' id='word_1_61' title='bbox 1696 1152 1717 1205; x_wconf 89' lang='lat'>;</span> <span class='ocrx_word' id='word_1_62' title='bbox 1774 1130 1836 1189; x_wconf 74' lang='lat' dir='ltr'>eb</span> 
     </span>
     <span class='ocr_line' id='line_1_11' title="bbox 501 1212 1832 1299; baseline -0.005 -24"><span class='ocrx_word' id='word_1_63' title='bbox 501 1217 680 1275; x_wconf 85' lang='lat' dir='ltr'>etiam</span> <span class='ocrx_word' id='word_1_64' title='bbox 717 1212 940 1275; x_wconf 74' lang='lat' dir='ltr'>facilius</span> <span class='ocrx_word' id='word_1_65' title='bbox 958 1260 980 1290; x_wconf 92' lang='lat'><strong>‚</strong></span> <span class='ocrx_word' id='word_1_66' title='bbox 1017 1217 1176 1299; x_wconf 69' lang='lat' dir='ltr'>quod</span> <span class='ocrx_word' id='word_1_67' title='bbox 1213 1214 1363 1277; x_wconf 69' lang='lat' dir='ltr'>forte</span> <span class='ocrx_word' id='word_1_68' title='bbox 1408 1216 1479 1275; x_wconf 89' lang='lat' dir='ltr'>ad</span> <span class='ocrx_word' id='word_1_69' title='bbox 1517 1214 1669 1275; x_wconf 88' lang='lat' dir='ltr'>idem</span> <span class='ocrx_word' id='word_1_70' title='bbox 1700 1226 1832 1271; x_wconf 84' lang='lat' dir='ltr'>tem·-</span> 
     </span>
     <span class='ocr_line' id='line_1_12' title="bbox 499 1292 1827 1379; baseline -0.002 -25"><span class='ocrx_word' id='word_1_71' title='bbox 499 1316 611 1377; x_wconf 82' lang='lat' dir='ltr'>pus</span> <span class='ocrx_word' id='word_1_72' title='bbox 627 1294 706 1355; x_wconf 66' lang='lat' dir='ltr'>A„</span> <span class='ocrx_word' id='word_1_73' title='bbox 731 1294 941 1355; x_wconf 81' lang='lat' dir='ltr'>Atilius</span> <span class='ocrx_word' id='word_1_74' title='bbox 970 1316 1106 1357; x_wconf 84' lang='lat' dir='ltr'>cum</span> <span class='ocrx_word' id='word_1_75' title='bbox 1131 1314 1377 1379; x_wconf 87' lang='lat' dir='ltr'>quatuor</span> <span class='ocrx_word' id='word_1_76' title='bbox 1395 1297 1460 1357; x_wconf 90' lang='lat'>&amp;</span> <span class='ocrx_word' id='word_1_77' title='bbox 1480 1293 1671 1377; x_wconf 84' lang='lat' dir='ltr'>viginti</span> <span class='ocrx_word' id='word_1_78' title='bbox 1687 1292 1827 1375; x_wconf 86' lang='lat' dir='ltr'>quin-</span> 
     </span>
     <span class='ocr_line' id='line_1_13' title="bbox 499 1374 1565 1456; baseline 0.002 -23"><span class='ocrx_word' id='word_1_79' title='bbox 499 1374 868 1456; x_wconf 84' lang='lat' dir='ltr'>queremibus</span> <span class='ocrx_word' id='word_1_80' title='bbox 897 1375 970 1435; x_wconf 89' lang='lat' dir='ltr'>ad</span> <span class='ocrx_word' id='word_1_81' title='bbox 1004 1374 1295 1456; x_wconf 80' lang='lat' dir='ltr'>Gythium</span> <span class='ocrx_word' id='word_1_82' title='bbox 1320 1374 1565 1438; x_wconf 84' lang='lat' dir='ltr'>acceffit.</span> 
     </span>
     <span class='ocr_line' id='line_1_14' title="bbox 333 1451 1828 1518; baseline -0.001 -7"><span class='ocrx_word' id='word_1_83' title='bbox 333 1470 466 1511; x_wconf 72' lang='lat' dir='ltr'>nm</span> <span class='ocrx_word' id='word_1_84' title='bbox 581 1452 894 1515; x_wconf 84' lang='lat' dir='ltr'>XXXVII.</span> <span class='ocrx_word' id='word_1_85' title='bbox 933 1454 1146 1516; x_wconf 83' lang='lat' dir='ltr'>lisdem</span> <span class='ocrx_word' id='word_1_86' title='bbox 1185 1457 1386 1517; x_wconf 87' lang='lat' dir='ltr'>diebus</span> <span class='ocrx_word' id='word_1_87' title='bbox 1428 1458 1579 1518; x_wconf 86' lang='lat' dir='ltr'>circa</span> <span class='ocrx_word' id='word_1_88' title='bbox 1624 1451 1828 1515; x_wconf 85' lang='lat' dir='ltr'>Chalci-</span> 
     </span>
     <span class='ocr_line' id='line_1_15' title="bbox 277 1518 1824 1621; baseline -0.002 -27"><span class='ocrx_word' id='word_1_89' title='bbox 277 1518 462 1621; x_wconf 48' lang='lat' dir='ltr'>Jffjssff</span> <span class='ocrx_word' id='word_1_90' title='bbox 501 1534 640 1595; x_wconf 85' lang='lat' dir='ltr'>dem</span> <span class='ocrx_word' id='word_1_91' title='bbox 666 1533 866 1595; x_wconf 87' lang='lat' dir='ltr'>Thoas</span> <span class='ocrx_word' id='word_1_92' title='bbox 879 1578 899 1607; x_wconf 88' lang='lat'>‚</span> <span class='ocrx_word' id='word_1_93' title='bbox 933 1557 1043 1617; x_wconf 87' lang='lat' dir='ltr'>per</span> <span class='ocrx_word' id='word_1_94' title='bbox 1071 1536 1485 1619; x_wconf 80' lang='lat' dir='ltr'>Euthymidam</span> <span class='ocrx_word' id='word_1_95' title='bbox 1506 1537 1824 1617; x_wconf 84' lang='lat' dir='ltr'>principem,</span> 
     </span>
     <span class='ocr_line' id='line_1_16' title="bbox 285 1613 1823 1707; baseline -0.003 -30"><span class='ocrx_word' id='word_1_96' title='bbox 285 1619 447 1707; x_wconf 47' lang='lat'>2¹⁸⁸&amp;-</span> <span class='ocrx_word' id='word_1_97' title='bbox 504 1614 728 1698; x_wconf 84' lang='lat' dir='ltr'>pulsum</span> <span class='ocrx_word' id='word_1_98' title='bbox 761 1616 970 1699; x_wconf 82' lang='lat' dir='ltr'>opibus</span> <span class='ocrx_word' id='word_1_99' title='bbox 1016 1636 1218 1678; x_wconf 87' lang='lat' dir='ltr'>eorum</span> <span class='ocrx_word' id='word_1_100' title='bbox 1241 1662 1262 1692; x_wconf 94' lang='lat'><strong>,</strong></span> <span class='ocrx_word' id='word_1_101' title='bbox 1298 1619 1399 1701; x_wconf 91' lang='lat' dir='ltr'>qui</span> <span class='ocrx_word' id='word_1_102' title='bbox 1442 1617 1709 1677; x_wconf 81' lang='lat' dir='ltr'>Romanae</span> <span class='ocrx_word' id='word_1_103' title='bbox 1749 1613 1823 1673; x_wconf 88' lang='lat' dir='ltr'>so-</span> 
     </span>
     <span class='ocr_line' id='line_1_17' title="bbox 289 1680 1823 1781; baseline -0.005 -21"><span class='ocrx_word' id='word_1_104' title='bbox 289 1682 374 1760; x_wconf 60' lang='lat' dir='ltr'>u:</span> <span class='ocrx_word' id='word_1_105' title='bbox 401 1680 490 1711; x_wconf 53' lang='grc' dir='ltr'>’ω’</span> <span class='ocrx_word' id='word_1_106' title='bbox 505 1699 722 1759; x_wconf 87' lang='lat' dir='ltr'>cietatis</span> <span class='ocrx_word' id='word_1_107' title='bbox 745 1714 923 1771; x_wconf 86' lang='lat' dir='ltr'>erant,</span> <span class='ocrx_word' id='word_1_108' title='bbox 937 1695 1069 1779; x_wconf 83' lang='lat' dir='ltr'>post</span> <span class='ocrx_word' id='word_1_109' title='bbox 1085 1696 1398 1779; x_wconf 86' lang='lat' dir='ltr'>T.Quintii</span> <span class='ocrx_word' id='word_1_110' title='bbox 1422 1698 1823 1781; x_wconf 78' lang='lat' dir='ltr'>legatorumque</span> 
     </span>
     <span class='ocr_line' id='line_1_18' title="bbox 503 1777 1825 1854; baseline -0.003 -17"><span class='ocrx_word' id='word_1_111' title='bbox 503 1778 815 1839; x_wconf 85' lang='lat' dir='ltr'>adventum</span> <span class='ocrx_word' id='word_1_112' title='bbox 841 1822 862 1854; x_wconf 85' lang='lat'>,</span> <span class='ocrx_word' id='word_1_113' title='bbox 893 1780 959 1839; x_wconf 69' lang='grc' dir='ltr'>ὃ(</span> <span class='ocrx_word' id='word_1_114' title='bbox 999 1778 1379 1839; x_wconf 87' lang='lat' dir='ltr'>Herodorum</span> <span class='ocrx_word' id='word_1_115' title='bbox 1418 1777 1661 1840; x_wconf 85' lang='lat' dir='ltr'>Cianum</span> <span class='ocrx_word' id='word_1_116' title='bbox 1696 1794 1825 1837; x_wconf 88' lang='lat' dir='ltr'>mer-</span> 
     </span>
     <span class='ocr_line' id='line_1_19' title="bbox 501 1857 1822 1942; baseline -0.002 -24"><span class='ocrx_word' id='word_1_117' title='bbox 501 1876 754 1919; x_wconf 85' lang='lat' dir='ltr'>catorem</span> <span class='ocrx_word' id='word_1_118' title='bbox 769 1905 790 1934; x_wconf 90' lang='lat'>‚</span> <span class='ocrx_word' id='word_1_119' title='bbox 822 1857 918 1919; x_wconf 89' lang='lat' dir='ltr'>sed</span> <span class='ocrx_word' id='word_1_120' title='bbox 959 1875 1260 1941; x_wconf 85' lang='lat' dir='ltr'>potentem</span> <span class='ocrx_word' id='word_1_121' title='bbox 1299 1858 1580 1921; x_wconf 77' lang='lat' dir='ltr'>Chalcide</span> <span class='ocrx_word' id='word_1_122' title='bbox 1616 1873 1822 1942; x_wconf 84' lang='lat' dir='ltr'>propter</span> 
     </span>
     <span class='ocr_line' id='line_1_20' title="bbox 501 1935 1821 2023; baseline 0 -25"><span class='ocrx_word' id='word_1_123' title='bbox 501 1939 760 2010; x_wconf 80' lang='lat' dir='ltr'>divitias,</span> <span class='ocrx_word' id='word_1_124' title='bbox 777 1942 1101 2021; x_wconf 82' lang='lat' dir='ltr'>praeparatis</span> <span class='ocrx_word' id='word_1_125' title='bbox 1123 1939 1197 2000; x_wconf 89' lang='lat' dir='ltr'>ad</span> <span class='ocrx_word' id='word_1_126' title='bbox 1222 1941 1613 2023; x_wconf 84' lang='lat' dir='ltr'>proditionem</span> <span class='ocrx_word' id='word_1_127' title='bbox 1631 1942 1720 2012; x_wconf 91' lang='lat' dir='ltr'>iis,</span> <span class='ocrx_word' id='word_1_128' title='bbox 1739 1935 1821 2018; x_wconf 82' lang='lat' dir='ltr'>qui</span> 
     </span>
     <span class='ocr_line' id='line_1_21' title="bbox 497 2015 1819 2103; baseline -0.002 -25"><span class='ocrx_word' id='word_1_129' title='bbox 497 2015 652 2078; x_wconf 86' lang='lat' dir='ltr'>Euth</span> <span class='ocrx_word' id='word_1_130' title='bbox 699 2020 869 2078; x_wconf 82' lang='lat' dir='ltr'>midae</span> <span class='ocrx_word' id='word_1_131' title='bbox 917 2017 1174 2081; x_wconf 68' lang='lat' dir='ltr'>fafiionis</span> <span class='ocrx_word' id='word_1_132' title='bbox 1230 2037 1395 2082; x_wconf 85' lang='lat' dir='ltr'>erant</span> <span class='ocrx_word' id='word_1_133' title='bbox 1431 2063 1453 2095; x_wconf 89' lang='lat'><strong>,</strong></span> <span class='ocrx_word' id='word_1_134' title='bbox 1502 2036 1819 2103; x_wconf 80' lang='lat' dir='ltr'>nequaquam</span> 
     </span>
     <span class='ocr_line' id='line_1_22' title="bbox 498 2097 1821 2184; baseline -0.001 -27"><span class='ocrx_word' id='word_1_135' title='bbox 498 2116 630 2158; x_wconf 81' lang='lat' dir='ltr'>eam</span> <span class='ocrx_word' id='word_1_136' title='bbox 671 2120 766 2158; x_wconf 88' lang='lat' dir='ltr'>em</span> <span class='ocrx_word' id='word_1_137' title='bbox 797 2097 1083 2160; x_wconf 84' lang='lat' dir='ltr'>fortunam</span> <span class='ocrx_word' id='word_1_138' title='bbox 1099 2144 1118 2174; x_wconf 90' lang='lat'><strong>‚</strong></span> <span class='ocrx_word' id='word_1_139' title='bbox 1142 2102 1256 2184; x_wconf 63' lang='lat' dir='ltr'>qua</span> <span class='ocrx_word' id='word_1_140' title='bbox 1272 2100 1605 2163; x_wconf 84' lang='lat' dir='ltr'>Demetrias</span> <span class='ocrx_word' id='word_1_141' title='bbox 1684 2121 1707 2158; x_wconf 86' lang='lat' dir='ltr'>r</span> <span class='ocrx_word' id='word_1_142' title='bbox 1724 2097 1821 2158; x_wconf 84' lang='lat' dir='ltr'>Eu·</span> 
     </span>
    </p>
   </div>
   <div class='ocr_carea' id='block_1_3' title="bbox 499 2178 1813 2262">
    <p class='ocr_par' dir='ltr' id='par_1_3' title="bbox 499 2178 1813 2262">
     <span class='ocr_line' id='line_1_23' title="bbox 499 2178 1813 2262; baseline 0.001 -24"><span class='ocrx_word' id='word_1_143' title='bbox 499 2178 811 2260; x_wconf 79' lang='lat' dir='ltr'>rylochum</span> <span class='ocrx_word' id='word_1_144' title='bbox 847 2196 1129 2262; x_wconf 85' lang='lat' dir='ltr'>occupata</span> <span class='ocrx_word' id='word_1_145' title='bbox 1160 2199 1279 2242; x_wconf 84' lang='lat' dir='ltr'>erat</span> <span class='ocrx_word' id='word_1_146' title='bbox 1304 2225 1327 2255; x_wconf 89' lang='lat'><strong>,</strong></span> <span class='ocrx_word' id='word_1_147' title='bbox 1367 2181 1581 2243; x_wconf 84' lang='lat' dir='ltr'>habuit.</span> <span class='ocrx_word' id='word_1_148' title='bbox 1670 2178 1813 2259; x_wconf 85' lang='lat' dir='ltr'>uthy-</span> 
     </span>
    </p>
   </div>
   <div class='ocr_carea' id='block_1_4' title="bbox 1908 1640 1910 1796">
    <p class='ocr_par' dir='ltr' id='par_1_4' title="bbox 1908 1640 1910 1796">
     <span class='ocr_line' id='line_1_24' title="bbox 1908 1640 1910 1796; baseline 0 0"><span class='ocrx_word' id='word_1_149' title='bbox 1908 1640 1910 1796; x_wconf 55' lang='grc' dir='ltr'><em>Ν</em></span> 
     </span>
    </p>
   </div>
   <div class='ocr_carea' id='block_1_5' title="bbox 497 2255 1908 2343">
    <p class='ocr_par' dir='ltr' id='par_1_5' title="bbox 497 2255 1908 2343">
     <span class='ocr_line' id='line_1_25' title="bbox 497 2255 1908 2343; baseline -0.002 -22"><span class='ocrx_word' id='word_1_150' title='bbox 497 2259 682 2321; x_wconf 85' lang='lat' dir='ltr'>midas</span> <span class='ocrx_word' id='word_1_151' title='bbox 719 2259 789 2319; x_wconf 84' lang='lat' dir='ltr'>ab</span> <span class='ocrx_word' id='word_1_152' title='bbox 816 2260 1064 2321; x_wconf 81' lang='lat' dir='ltr'>Athenis</span> <span class='ocrx_word' id='word_1_153' title='bbox 1100 2259 1129 2343; x_wconf 94' lang='lat'>(</span> <span class='ocrx_word' id='word_1_154' title='bbox 1152 2281 1286 2322; x_wconf 88' lang='lat' dir='ltr'>eum</span> <span class='ocrx_word' id='word_1_155' title='bbox 1310 2261 1603 2324; x_wconf 87' lang='lat' dir='ltr'>domicilio</span> <span class='ocrx_word' id='word_1_156' title='bbox 1628 2259 1815 2342; x_wconf 80' lang='lat' dir='ltr'>delege-</span> <span class='ocrx_word' id='word_1_157' title='bbox 1907 2255 1908 2270; x_wconf 55' lang='lat'><strong>³</strong></span> 
     </span>
    </p>
   </div>
   <div class='ocr_carea' id='block_1_6' title="bbox 497 2337 1813 2501">
    <p class='ocr_par' dir='ltr' id='par_1_6' title="bbox 497 2337 1813 2501">
     <span class='ocr_line' id='line_1_26' title="bbox 500 2337 1813 2480; baseline -0.002 -81"><span class='ocrx_word' id='word_1_158' title='bbox 500 2356 587 2401; x_wconf 86' lang='lat' dir='ltr'>rat</span> <span class='ocrx_word' id='word_1_159' title='bbox 624 2337 874 2480; x_wconf 49' lang='lat' dir='ltr'>locutus?</span> <span class='ocrx_word' id='word_1_160' title='bbox 899 2339 1134 2401; x_wconf 85' lang='lat' dir='ltr'>Thebas</span> <span class='ocrx_word' id='word_1_161' title='bbox 1212 2345 1421 2404; x_wconf 69' lang='lat' dir='ltr'>timum</span> <span class='ocrx_word' id='word_1_162' title='bbox 1442 2390 1463 2418; x_wconf 86' lang='lat'>‚</span> <span class='ocrx_word' id='word_1_163' title='bbox 1498 2345 1627 2405; x_wconf 86' lang='lat' dir='ltr'>hinc</span> <span class='ocrx_word' id='word_1_164' title='bbox 1660 2339 1813 2438; x_wconf 71' lang='lat' dir='ltr'>Salga-</span> 
     </span>
     <span class='ocr_line' id='line_1_27' title="bbox 497 2421 1809 2501; baseline 0.001 -23"><span class='ocrx_word' id='word_1_165' title='bbox 497 2441 606 2480; x_wconf 87' lang='lat' dir='ltr'>nea</span> <span class='ocrx_word' id='word_1_166' title='bbox 638 2441 814 2501; x_wconf 85' lang='lat' dir='ltr'>proce</span> <span class='ocrx_word' id='word_1_167' title='bbox 857 2438 905 2481; x_wconf 76' lang='lat' dir='ltr'>it</span> <span class='ocrx_word' id='word_1_168' title='bbox 940 2444 960 2498; x_wconf 89' lang='lat'>;</span> <span class='ocrx_word' id='word_1_169' title='bbox 995 2421 1160 2482; x_wconf 87' lang='lat' dir='ltr'>Hero</span> <span class='ocrx_word' id='word_1_170' title='bbox 1204 2443 1337 2484; x_wconf 77' lang='lat' dir='ltr'>orus</span> <span class='ocrx_word' id='word_1_171' title='bbox 1383 2425 1462 2485; x_wconf 86' lang='lat' dir='ltr'>ad</span> <span class='ocrx_word' id='word_1_172' title='bbox 1509 2425 1809 2486; x_wconf 73' lang='lat' dir='ltr'>Thronium.</span> 
     </span>
    </p>
   </div>
   <div class='ocr_carea' id='block_1_7' title="bbox 495 2497 1906 2581">
    <p class='ocr_par' dir='ltr' id='par_1_7' title="bbox 495 2497 1906 2581">
     <span class='ocr_line' id='line_1_28' title="bbox 495 2497 1906 2581; baseline 0.005 -24"><span class='ocrx_word' id='word_1_173' title='bbox 495 2497 640 2558; x_wconf 88' lang='lat' dir='ltr'>Inde</span> <span class='ocrx_word' id='word_1_174' title='bbox 660 2501 810 2561; x_wconf 85' lang='lat' dir='ltr'>haud</span> <span class='ocrx_word' id='word_1_175' title='bbox 843 2503 1047 2581; x_wconf 89' lang='lat' dir='ltr'>procul</span> <span class='ocrx_word' id='word_1_176' title='bbox 1065 2505 1123 2563; x_wconf 85' lang='lat' dir='ltr'>in</span> <span class='ocrx_word' id='word_1_177' title='bbox 1146 2501 1397 2564; x_wconf 82' lang='lat' dir='ltr'>Maliaco</span> <span class='ocrx_word' id='word_1_178' title='bbox 1428 2504 1551 2566; x_wconf 90' lang='lat' dir='ltr'>smu</span> <span class='ocrx_word' id='word_1_179' title='bbox 1573 2506 1679 2566; x_wconf 89' lang='lat' dir='ltr'>duo</span> <span class='ocrx_word' id='word_1_180' title='bbox 1708 2499 1809 2563; x_wconf 84' lang='lat' dir='ltr'>mil·</span> <span class='ocrx_word' id='word_1_181' title='bbox 1904 2529 1906 2578; x_wconf 72' lang='lat'>3</span> 
     </span>
    </p>
   </div>
   <div class='ocr_carea' id='block_1_8' title="bbox 488 2579 1807 2991">
    <p class='ocr_par' dir='ltr' id='par_1_8' title="bbox 488 2579 1807 2909">
     <span class='ocr_line' id='line_1_29' title="bbox 496 2579 1805 2666; baseline 0.01 -30"><span class='ocrx_word' id='word_1_182' title='bbox 496 2579 573 2636; x_wconf 89' lang='lat' dir='ltr'>lia</span> <span class='ocrx_word' id='word_1_183' title='bbox 611 2579 870 2658; x_wconf 84' lang='lat' dir='ltr'>peditum</span> <span class='ocrx_word' id='word_1_184' title='bbox 899 2580 1100 2643; x_wconf 85' lang='lat' dir='ltr'>Thoas</span> <span class='ocrx_word' id='word_1_185' title='bbox 1140 2584 1205 2645; x_wconf 89' lang='lat'>&amp;</span> <span class='ocrx_word' id='word_1_186' title='bbox 1262 2584 1540 2646; x_wconf 82' lang='lat' dir='ltr'>ducentos</span> <span class='ocrx_word' id='word_1_187' title='bbox 1587 2585 1773 2666; x_wconf 74' lang='lat' dir='ltr'>equites</span> <span class='ocrx_word' id='word_1_188' title='bbox 1788 2623 1805 2652; x_wconf 74' lang='lat'><em>2</em></span> 
     </span>
     <span class='ocr_line' id='line_1_30' title="bbox 495 2661 1805 2746; baseline 0.005 -30"><span class='ocrx_word' id='word_1_189' title='bbox 495 2662 779 2719; x_wconf 84' lang='lat' dir='ltr'>onerarias</span> <span class='ocrx_word' id='word_1_190' title='bbox 815 2661 978 2722; x_wconf 83' lang='lat' dir='ltr'>leves</span> <span class='ocrx_word' id='word_1_191' title='bbox 1018 2663 1091 2722; x_wconf 89' lang='lat' dir='ltr'>ad</span> <span class='ocrx_word' id='word_1_192' title='bbox 1126 2664 1354 2746; x_wconf 76' lang='lat' dir='ltr'>triginta</span> <span class='ocrx_word' id='word_1_193' title='bbox 1402 2666 1642 2728; x_wconf 86' lang='lat' dir='ltr'>habebat</span> <span class='ocrx_word' id='word_1_194' title='bbox 1680 2686 1693 2725; x_wconf 69' lang='grc' dir='ltr'><strong>ε</strong></span> <span class='ocrx_word' id='word_1_195' title='bbox 1731 2681 1805 2722; x_wconf 79' lang='lat' dir='ltr'>eas</span> 
     </span>
     <span class='ocr_line' id='line_1_31' title="bbox 495 2737 1807 2824; baseline -0.001 -24"><span class='ocrx_word' id='word_1_196' title='bbox 495 2757 627 2800; x_wconf 87' lang='lat' dir='ltr'>cum</span> <span class='ocrx_word' id='word_1_197' title='bbox 669 2737 944 2800; x_wconf 80' lang='lat' dir='ltr'>sexcentis</span> <span class='ocrx_word' id='word_1_198' title='bbox 989 2743 1277 2824; x_wconf 86' lang='lat' dir='ltr'>peditibus</span> <span class='ocrx_word' id='word_1_199' title='bbox 1310 2744 1647 2806; x_wconf 86' lang='lat' dir='ltr'>Herodorus</span> <span class='ocrx_word' id='word_1_200' title='bbox 1684 2741 1807 2821; x_wconf 80' lang='lat' dir='ltr'>traji-</span> 
     </span>
     <span class='ocr_line' id='line_1_32' title="bbox 488 2817 1803 2909; baseline -0.003 -23"><span class='ocrx_word' id='word_1_201' title='bbox 488 2838 622 2891; x_wconf 71' lang='lat' dir='ltr'>§ere</span> <span class='ocrx_word' id='word_1_202' title='bbox 640 2820 706 2882; x_wconf 84' lang='lat' dir='ltr'>in</span> <span class='ocrx_word' id='word_1_203' title='bbox 727 2817 962 2884; x_wconf 82' lang='lat' dir='ltr'>insulam</span> <span class='ocrx_word' id='word_1_204' title='bbox 993 2821 1323 2888; x_wconf 69' lang='lat' dir='ltr'>Atalantam</span> <span class='ocrx_word' id='word_1_205' title='bbox 1346 2821 1521 2909; x_wconf 82' lang='lat' dir='ltr'>jussus</span> <span class='ocrx_word' id='word_1_206' title='bbox 1542 2849 1565 2906; x_wconf 76' lang='lat'>5</span> <span class='ocrx_word' id='word_1_207' title='bbox 1588 2842 1649 2889; x_wconf 88' lang='lat' dir='ltr'>ut</span> <span class='ocrx_word' id='word_1_208' title='bbox 1669 2823 1803 2896; x_wconf 84' lang='lat' dir='ltr'>inde,</span> 
     </span>
    </p>

    <p class='ocr_par' dir='ltr' id='par_1_9' title="bbox 1088 2922 1806 2991">
     <span class='ocr_line' id='line_1_33' title="bbox 1088 2922 1806 2991; baseline 0.004 -51"><span class='ocrx_word' id='word_1_209' title='bbox 1088 2934 1097 2940; x_wconf 84' lang='lat'><em>.</em></span> <span class='ocrx_word' id='word_1_210' title='bbox 1670 2922 1806 2991; x_wconf 75' lang='lat' dir='ltr'>quum</span> 
     </span>
    </p>
   </div>
   <div class='ocr_carea' id='block_1_9' title="bbox 1904 2585 1906 2775">
    <p class='ocr_par' dir='ltr' id='par_1_10' title="bbox 1904 2585 1906 2775">
     <span class='ocr_line' id='line_1_34' title="bbox 1904 2585 1906 2775; baseline 0 0"><span class='ocrx_word' id='word_1_211' title='bbox 1904 2585 1906 2775; x_wconf 95' lang='lat' dir='ltr'> </span> 
     </span>
    </p>
   </div>
  </div>
 </body>
</html>
