2004 3691
349 202 724 325 Lmen
820 252 1306 325 XXXIII.
1381 276 1506 345 141

143 366 421 429 riebatur.
438 370 716 431 Romanis
735 368 918 431 ferme
941 392 1045 452 par
1070 391 1341 431 numerus
1362 386 1517 445 erat;
1536 394 1738 429 εει-,ι

148 452 418 530 equitum
437 454 620 533 copiis
645 452 858 511 tantum
878 496 898 526 ‚
930 451 1090 533 quod
1120 451 1303 511 AEtoli
1336 451 1517 511 acces·
1540 454 1739 545 ‘’g-{55-

150 528 342 590 serant
360 573 381 603 ‚
411 529 763 613 superabant.
1427 550 1431 557 ·
1534 518 1574 546 ⁸‘
1668 512 1744 553 ⁹⁷⁸

235 609 316 671 V.
342 610 618 689 Quintius
653 611 726 671 ad
756 609 994 671 Thebas
1022 610 1375 673 Phthioticas
1400 608 1520 671 cas-

151 708 241 751 tra
272 712 453 772 quum
493 690 758 751 movisset
779 736 800 765 ,
841 690 1002 771 spem
1048 691 1241 751 nacius
1271 713 1376 773 per
1411 690 1521 755 Ti·

152 792 398 840 monem
433 773 750 852 principem
788 774 1031 831 civitatis
1074 772 1240 852 prodi
1267 770 1473 833 urbem
1496 816 1519 846 ‚

155 873 292 911 cum
321 855 518 932 paucis
549 872 580 911 e
623 854 805 911 uitum
837 850 1091 933 levisque
1124 870 1423 913 armaturae
1446 854 1524 913 ad

153 953 358 992 muros
389 930 552 993 succe
595 932 772 992 1t.1bi
795 932 941 991 adeo
961 930 1222 991 frustrata
1240 931 1366 1013 spes
1392 932 1477 993 est
1497 976 1518 1005 ,

155 1027 221 1072 ut
258 1034 382 1073 non
425 1030 717 1073 certamen
764 1012 947 1071 modo
995 1032 1128 1072 cum
1173 1032 1336 1071 erum
1381 1016 1528 1073 enti-

158 1092 264 1153 bus
286 1136 306 1165 ,
336 1091 437 1153 sed
477 1093 800 1174 periculum
823 1112 1057 1173 quoque
1086 1108 1249 1153 atrox
1272 1091 1333 1153 su
1375 1095 1524 1167 iret3

154 1176 218 1233 ni
241 1172 432 1234 castris
461 1175 634 1233 exciti
674 1173 912 1253 repente
943 1172 1165 1253 pedites
1190 1172 1527 1255 equitesque

158 1256 220 1313 in
248 1271 519 1335 ternpore
551 1250 950 1315 subvenissent.
986 1250 1062 1312 Et
1100 1251 1400 1335 postquam
1436 1258 1527 1313 ni-

158 1334 240 1393 hil
279 1351 580 1414 conceptae
615 1350 834 1394 temere
869 1332 990 1414 spei
1020 1332 1395 1407 succedebat,
1436 1355 1529 1393 ur-

159 1414 250 1474 bis
288 1416 526 1497 quidem
558 1415 797 1495 amplius
829 1413 1114 1473 tentandae
1138 1415 1197 1471 in
1232 1414 1529 1495 praesentia

160 1513 377 1555 conatu
415 1493 624 1555 absistit
653 1516 673 1569 3
714 1510 968 1554 ceterum
1000 1492 1129 1552 satis
1166 1513 1373 1575 gnarus
1407 1493 1525 1571 jam

161 1578 223 1635 in
257 1574 546 1635 Thessalia
594 1594 790 1656 regem
843 1572 952 1633 esse
979 1619 1002 1649 ‚
1052 1575 1312 1634 nondum
1364 1596 1530 1635 com-

163 1671 338 1738 perto
356 1700 377 1727 ‚
399 1676 570 1736 quam
607 1656 665 1713 in
703 1655 999 1736 regionem
1028 1653 1303 1729 venisset,
1324 1656 1536 1715 milites

165 1756 276 1818 per
319 1754 490 1817 agros
531 1732 784 1795 dimissos
825 1733 1041 1795 vallum
1084 1736 1293 1795 cedere
1332 1737 1397 1796 &
1432 1758 1539 1817 pa-

169 1835 298 1875 rare
334 1813 512 1892 jubet.
545 1814 720 1876 Vallo
761 1815 825 1876 &
857 1812 1212 1880 Macedones
1245 1817 1311 1878 &
1341 1813 1534 1877 Graeci
1589 1842 1747 1886 mu...

168 1894 254 1956 ufi
284 1894 449 1971 sunt,
475 1895 572 1956 sed
607 1895 767 1956 usum
803 1916 911 1955 nec
955 1895 1027 1954 ad
1063 1893 1743 1982 commoditatemffgj‘w

169 1975 397 2052 ferendi
423 2020 442 2049 ,
489 1997 598 2036 nec
639 1976 712 2035 ad
755 1973 925 2058 ipfius
951 1977 1299 2036 munitionis
1340 1977 1537 2038 firma-

170 2074 435 2120 mentum
473 2074 832 2139 aptaverunt.
879 2055 1040 2116 Nam
1082 2057 1145 2117 δι
1181 2055 1429 2137 majores
1470 2061 1535 2120 ὅτ.

172 2139 358 2220 magis
403 2137 651 2198 ramosas
699 2135 932 2196 arbores
979 2137 1276 2197 caedebant
1298 2184 1318 2212 ‚
1360 2138 1534 2222 quiim

174 2238 316 2299 quas
367 2216 518 2278 ferre
569 2237 702 2278 cum
753 2217 924 2275 armis
975 2216 1142 2275 miles
1188 2217 1370 2297 poss'et
1407 2242 1427 2294 3
1470 2223 1535 2282 &

173 2295 178 2298 ’
217 2303 359 2357 u'um
405 2297 582 2357 castra
622 2298 710 2356 his
753 2296 886 2356 ante
933 2293 1168 2372 objectis
1210 2296 1491 2379 sepfiffent
1514 2345 1534 2374 ,

170 2317 360 2438 Facilis
397 2378 628 2437 molitio
665 2396 868 2437 eorum
913 2376 1049 2436 valli
1086 2392 1243 2437 erat:
1288 2400 1423 2439 nam
1468 2383 1533 2442 &

176 2460 314 2540 quia
346 2460 456 2517 rari
487 2456 704 2537 stipites
740 2475 1075 2536 magnarum
1102 2457 1367 2519 arborum
1397 2464 1539 2522 emi-

175 2539 432 2610 nebant,
469 2537 746 2618 multique
795 2537 861 2596 &
910 2537 1085 2596 validi
1134 2536 1273 2598 ra'mi
1311 2543 1535 2622 praebe..

177 2620 317 2679 bant
339 2664 358 2693 ‚
391 2619 552 2700 quod
589 2616 736 2677 recte
779 2637 948 2676 manu
996 2635 1289 2698 caperetur
1305 2645 1333 2694 ,·
1368 2622 1487 2682 duo
1513 2668 1534 2697 ,

181 2718 278 2760 aut
307 2697 596 2758 summum
618 2714 732 2757 tres
754 2695 994 2776 juvenes
1021 2701 1246 2758 connixi
1266 2701 1531 2761 arborem

181 2801 355 2839 unam
377 2777 704 2840 evellebant
726 2801 746 2851 ;
771 2777 884 2859 quii
907 2779 1105 2838 evulsa
1122 2823 1142 2853 ‚
1164 2795 1346 2861 portae
1364 2779 1537 2840 instar

181 2861 485 2944 extemplo
509 2859 740 2942 patebat
757 2901 779 2932 ,
821 2877 928 2920 nec
967 2860 1029 2919 in
1070 2877 1343 2942 promptu
1378 2877 1497 2922 erat
1515 2901 1539 2936 ,
