2004 3691
400 267 657 338 ‘100'
799 262 876 334 T.
972 265 1492 334 L1711·'

178 404 379 450 ιιι-ες
404 371 693 453 (lendum,
723 395 822 440 aut
856 380 1108 460 impetus
1137 378 1432 442 faciendus
1451 393 1572 440 erat
1596 399 1619 454 3
1647 391 1795 462 qua!

182 468 373 523 Umm-
402 483 494 522 res
520 461 747 523 turbare
786 461 1022 522 ordines
1071 459 1236 522 solet.
1291 459 1540 523 Acceffit
1591 463 1790 522 etiam

177 520 372 572 ‘'c'¹⁹⁸'
400 543 637 606 fortuita
666 564 757 603 res
793 543 865 602 ad
898 543 1122 602 animos
1163 563 1364 604 eorum
1400 541 1724 602 firmandos
1763 567 1788 604 r

400 645 534 686 nam
566 644 743 706 quum
766 625 931 682 turris
954 643 1057 703 per
1087 641 1359 706 aggerem
1391 644 1590 705 parum
1627 623 1787 683 den-

398 705 501 766 sati
549 704 654 766 soli
722 719 985 786 ageretur
1007 746 1027 775 ‚
1073 719 1200 762 rota
1243 726 1354 764 una
1401 707 1458 762 in
1501 705 1782 766 altiorem

400 787 650 846 orbitam
686 781 941 866 depressa
968 787 1046 844 ita
1085 785 1289 862 turrim
1323 786 1618 845 inclinavit
1635 830 1660 858 ‚
1707 803 1780 848 ut

398 866 653 949 speciem
699 867 912 926 ruentis
950 861 1206 925 hostibus
1227 911 1246 940 ‚
1295 866 1780 949 trepidatio-nem·-

400 968 514 1030 que
552 945 801 1008 insanam
844 943 1288 1028 superstantibus
1341 949 1568 1008 armatis
1615 968 1776 1030 prae„-

396 1028 605 1089 buerit.
1253 1096 1256 1098 ,
1737 1063 1742 1071 ·

478 1107 703 1170 XVIII.
742 1107 949 1188 Quum
978 1129 1182 1190 parum
1217 1109 1528 1191 quidquam
1574 1107 1778 1171 succe-

394 1187 567 1250 'deret
588 1233 607 1262 ,
638 1189 834 1250 consul
874 1190 1114 1249 minime
1153 1211 1322 1272 aequo
1367 1193 1561 1250 animo
1602 1212 1776 1252 com-

398 1273 756 1352 parationem
796 1269 1044 1330 militum
1087 1273 1312 1352 generis
1355 1291 1776 1354 armorumque

232 1373 295 1416 1³2
318 1375 381 1413 εη-
404 1349 529 1411 fieri
560 1351 873 1431 patiebatur
894 1349 1096 1424 3fimul
1128 1371 1236 1412 nec
1269 1368 1545 1411 maturam
1577 1373 1776 1434 expu-

175 1424 380 1526 {051‘2‘5‘
404 1433 617 1516 gnandi
644 1430 838 1512 spem,
872 1451 983 1491 nec
1014 1432 1298 1492 rationem
1332 1433 1538 1514 procul
1559 1453 1592 1492 a
1617 1437 1772 1494 mari

404 1515 469 1575 &
504 1515 564 1572 in
602 1510 866 1573 evastatis
902 1511 1045 1572 belli
1083 1513 1342 1572 cladibus
1387 1514 1532 1574 locis
1569 1513 1777 1574 hiber-

398 1594 575 1654 nandi
604 1593 777 1654 ullam
812 1593 1119 1652 cernebat:
1151 1595 1228 1652 ita
1269 1614 1342 1654 ue
1382 1593 1578 1654 relieta
1612 1593 1768 1656 obfi-

402 1675 576 1736 dione
594 1720 613 1749 ,
634 1677 767 1757 quia
790 1673 981 1733 nullus
1005 1675 1064 1732 in
1086 1690 1211 1734 tota
1231 1614 1566 1734 {carnaniae
1591 1691 1774 1758 atque

400 1755 636 1816 AEtoliae
650 1775 753 1814 ora
769 1771 969 1836 portus
990 1771 1114 1814 erat
1128 1799 1148 1829 ‚
1173 1758 1270 1836 qui
1287 1754 1455 1815 fimul
1471 1757 1536 1818 &
1555 1777 1772 1819 omnes

402 1839 687 1897 onerarias
712 1882 731 1911 ,
752 1854 879 1917 quae
900 1853 1291 1897 commeatum
1327 1838 1601 1898 exercitui
1622 1860 1773 1920 por-

398 1917 628 1992 tabant,
672 1932 905 1999 caperet
924 1961 945 1991 ‚
976 1918 1042 1978 &
1067 1916 1213 1977 recia
1245 1917 1316 1977 ad
1344 1918 1771 1982 hibernandum

197 2018 384 2059 rhenica
403 1996 725 2081 legionibus
745 1996 1054 2078 praeberet,
1075 1996 1358 2079 Anticyra
1382 2000 1442 2058 in
1463 1997 1722 2061 Phocide
1745 2046 1770 2076 ,

183 2069 385 2168 2⁸39ss
404 2080 464 2138 in
498 2076 867 2140 Corinthium
896 2076 1060 2137 versa
1099 2077 1279 2138 finum
1301 2122 1321 2151 ,
1353 2080 1426 2139 ad
1451 2080 1512 2140 id
1547 2102 1585 2139 o
1673 2103 1768 2142 or·

402 2156 685 2221 tuniffime
714 2156 818 2217 fita
850 2156 972 2217 visa
997 2162 1171 2240 3quia
1203 2172 1310 2220 nec
1354 2160 1556 2241 procul
1640 2161 1770 2223 hes-

403 2240 536 2302 salia
570 2237 935 2319 hostiumque
966 2239 1110 2299 locis
1147 2238 1413 2315 abibant,
1445 2243 1510 2303 &
1541 2262 1614 2301 ex
1655 2243 1772 2303 ad·-

400 2319 570 2383 verso
606 2319 746 2380 Pelo
789 2316 1064 2380 onnesum
1111 2322 1318 2401 exiguo
1359 2324 1540 2403 magis
1575 2320 1764 2404 spatio

402 2398 645 2463 divisam
663 2443 682 2473 ,
722 2340 793 2459 ab
840 2416 1006 2483 tergo
1047 2400 1319 2460 AEtoliam
1361 2401 1766 2463 Acarnaniam-

402 2501 515 2562 que
535 2526 555 2553 ‚
588 2482 659 2541 ab
702 2480 967 2541 lateribus
1012 2478 1323 2542 Locridem
1352 2504 1422 2545 ac
1467 2483 1767 2545 Boeotiam

395 2561 705 2621 habebant.
736 2559 1008 2620 Phocidis
1046 2564 1232 2642 primo
1273 2563 1496 2644 impetu
1538 2563 1768 2625 Phano-

401 2639 705 2701 teamsme
742 2642 1047 2701 certamine
1076 2643 1248 2721 cepit.
1276 2638 1564 2725 Anticyra
1600 2644 1762 2707 haud

402 2722 649 2781 multum
701 2721 761 2779 in
812 2742 852 2779 o
894 2742 971 2801 pu
1012 2722 1202 2782 nando
1303 2722 1506 2784 raebuit
1555 2746 1766 2789 morae.

405 2799 729 2879 Ambrysus
780 2800 839 2859 in
882 2822 915 2861 e
971 2740 1255 2883 §lyampo
1281 2802 1434 2885 'sque
1486 2823 1766 2889 receptae.

403 2880 608 2943 Daulis
632 2925 651 2956 ,
689 2883 820 2963 quia
848 2882 909 2946 in
949 2884 1174 2946 tumulo
1213 2883 1437 2951 excelso
1477 2883 1578 2951 fita
1625 2885 1728 2951 est
1740 2931 1769 2971 2
