<?xml version="1.0" encoding="UTF-8"?>
<!DOCTYPE html PUBLIC "-//W3C//DTD XHTML 1.0 Transitional//EN"
    "http://www.w3.org/TR/xhtml1/DTD/xhtml1-transitional.dtd">
<html xmlns="http://www.w3.org/1999/xhtml" xml:lang="en" lang="en">
 <head>
  <title>
</title>
<meta http-equiv="Content-Type" content="text/html;charset=utf-8" />
  <meta name='ocr-system' content='tesseract 3.04.00' />
  <meta name='ocr-capabilities' content='ocr_page ocr_carea ocr_par ocr_line ocrx_word'/>
</head>
<body>
  <div class='ocr_page' id='page_1' title='image "./titiliviipatavi01lallgoog_0364.png"; bbox 0 0 2004 3691; ppageno 0'>
   <div class='ocr_carea' id='block_1_1' title="bbox 453 196 1441 293">
    <p class='ocr_par' dir='ltr' id='par_1_1' title="bbox 453 196 1441 293">
     <span class='ocr_line' id='line_1_1' title="bbox 453 196 1441 293; baseline 0.007 -24"><span class='ocrx_word' id='word_1_1' title='bbox 453 196 626 293; x_wconf 86' lang='lat'>348-</span> <span class='ocrx_word' id='word_1_2' title='bbox 847 202 924 272; x_wconf 90' lang='lat' dir='ltr'>T.</span> <span class='ocrx_word' id='word_1_3' title='bbox 1022 204 1441 276; x_wconf 73' lang='lat' dir='ltr'><em>L1r11</em></span> 
     </span>
    </p>
   </div>
   <div class='ocr_carea' id='block_1_2' title="bbox 151 302 1778 410">
    <p class='ocr_par' dir='ltr' id='par_1_2' title="bbox 151 302 1778 410">
     <span class='ocr_line' id='line_1_2' title="bbox 151 302 1778 410; baseline -0.001 -33"><span class='ocrx_word' id='word_1_4' title='bbox 151 302 160 313; x_wconf 55' lang='lat'>⁸</span> <span class='ocrx_word' id='word_1_5' title='bbox 233 344 426 377; x_wconf 56' lang='grc' dir='ltr'><strong>εει-ε</strong></span> <span class='ocrx_word' id='word_1_6' title='bbox 451 318 630 378; x_wconf 76' lang='lat' dir='ltr'>beant.</span> <span class='ocrx_word' id='word_1_7' title='bbox 663 314 989 379; x_wconf 70' lang='lat' dir='ltr'><em>Amicitiam</em></span> <span class='ocrx_word' id='word_1_8' title='bbox 1021 320 1155 400; x_wconf 81' lang='lat' dir='ltr'>reg-is</span> <span class='ocrx_word' id='word_1_9' title='bbox 1194 340 1306 379; x_wconf 82' lang='lat' dir='ltr'>non</span> <span class='ocrx_word' id='word_1_10' title='bbox 1328 316 1778 410; x_wconf 61' lang='lat' dir='ltr'>aspeman’ffleqaf</span> 
     </span>
    </p>
   </div>
   <div class='ocr_carea' id='block_1_3' title="bbox 230 392 1805 2816">
    <p class='ocr_par' dir='ltr' id='par_1_3' title="bbox 230 392 1805 2816">
     <span class='ocr_line' id='line_1_3' title="bbox 230 392 1778 495; baseline -0.002 -37"><span class='ocrx_word' id='word_1_11' title='bbox 230 392 682 495; x_wconf 37' lang='lat' dir='ltr'>{yffi-‘ipsiorum</span> <span class='ocrx_word' id='word_1_12' title='bbox 713 398 1053 459; x_wconf 77' lang='lat' dir='ltr'>AEtolomm.</span> <span class='ocrx_word' id='word_1_13' title='bbox 1088 399 1163 460; x_wconf 84' lang='lat' dir='ltr'>Id</span> <span class='ocrx_word' id='word_1_14' title='bbox 1177 400 1413 479; x_wconf 83' lang='lat' dir='ltr'>primum</span> <span class='ocrx_word' id='word_1_15' title='bbox 1450 419 1538 458; x_wconf 87' lang='lat' dir='ltr'>eos</span> <span class='ocrx_word' id='word_1_16' title='bbox 1548 402 1638 479; x_wconf 69' lang='lat' dir='ltr'>prb</span> <span class='ocrx_word' id='word_1_17' title='bbox 1662 418 1778 455; x_wconf 81' lang='lat' dir='ltr'>anu·</span> 
     </span>
     <span class='ocr_line' id='line_1_4' title="bbox 327 461 1775 559; baseline -0.003 -20"><span class='ocrx_word' id='word_1_18' title='bbox 327 461 394 501; x_wconf 76' lang='lat'>’¹⁹</span> <span class='ocrx_word' id='word_1_19' title='bbox 422 474 815 559; x_wconf 69' lang='lat' dir='ltr'>&#39;cisfizfturos,</span> <span class='ocrx_word' id='word_1_20' title='bbox 827 481 886 559; x_wconf 82' lang='lat' dir='ltr'><strong><em>fi</em></strong></span> <span class='ocrx_word' id='word_1_21' title='bbox 895 477 1078 556; x_wconf 73' lang='lat' dir='ltr'>insulci</span> <span class='ocrx_word' id='word_1_22' title='bbox 1096 482 1389 551; x_wconf 81' lang='lat' dir='ltr'>excedant,</span> <span class='ocrx_word' id='word_1_23' title='bbox 1408 498 1562 559; x_wconf 82' lang='lat' dir='ltr'>atque</span> <span class='ocrx_word' id='word_1_24' title='bbox 1576 480 1775 537; x_wconf 79' lang='lat' dir='ltr'>abeant:</span> 
     </span>
     <span class='ocr_line' id='line_1_5' title="bbox 449 558 1776 641; baseline -0.004 -21"><span class='ocrx_word' id='word_1_25' title='bbox 449 582 580 620; x_wconf 81' lang='lat' dir='ltr'>uam</span> <span class='ocrx_word' id='word_1_26' title='bbox 627 560 754 641; x_wconf 81' lang='lat' dir='ltr'>ipfis</span> <span class='ocrx_word' id='word_1_27' title='bbox 785 577 976 641; x_wconf 64' lang='lat' dir='ltr'>certam</span> <span class='ocrx_word' id='word_1_28' title='bbox 1013 558 1109 639; x_wconf 75' lang='lat' dir='ltr'>effi</span> <span class='ocrx_word' id='word_1_29' title='bbox 1128 605 1151 632; x_wconf 91' lang='lat'>‚</span> <span class='ocrx_word' id='word_1_30' title='bbox 1185 582 1296 620; x_wconf 83' lang='lat' dir='ltr'>non</span> <span class='ocrx_word' id='word_1_31' title='bbox 1343 562 1499 619; x_wconf 63' lang='lat' dir='ltr'>mod&amp;</span> <span class='ocrx_word' id='word_1_32' title='bbox 1530 581 1632 619; x_wconf 84' lang='lat' dir='ltr'>non</span> <span class='ocrx_word' id='word_1_33' title='bbox 1668 559 1776 617; x_wconf 84' lang='lat' dir='ltr'>reci-</span> 
     </span>
     <span class='ocr_line' id='line_1_6' title="bbox 439 636 1778 723; baseline -0.001 -24"><span class='ocrx_word' id='word_1_34' title='bbox 439 661 568 723; x_wconf 82' lang='lat' dir='ltr'>pere</span> <span class='ocrx_word' id='word_1_35' title='bbox 609 641 868 700; x_wconf 73' lang='lat' dir='ltr'>manibus</span> <span class='ocrx_word' id='word_1_36' title='bbox 886 684 908 710; x_wconf 91' lang='lat'>,</span> <span class='ocrx_word' id='word_1_37' title='bbox 932 636 1035 717; x_wconf 76' lang='lat' dir='ltr'>fid</span> <span class='ocrx_word' id='word_1_38' title='bbox 1064 662 1129 699; x_wconf 82' lang='lat' dir='ltr'>ne</span> <span class='ocrx_word' id='word_1_39' title='bbox 1148 638 1457 716; x_wconf 71' lang='lat' dir='ltr'>sbcietatem</span> <span class='ocrx_word' id='word_1_40' title='bbox 1483 642 1677 719; x_wconf 81' lang='lat' dir='ltr'>quidem</span> <span class='ocrx_word' id='word_1_41' title='bbox 1701 636 1778 697; x_wconf 80' lang='lat' dir='ltr'>ul·-</span> 
     </span>
     <span class='ocr_line' id='line_1_7' title="bbox 449 714 1754 798; baseline -0.002 -17"><span class='ocrx_word' id='word_1_42' title='bbox 449 723 562 781; x_wconf 80' lang='lat' dir='ltr'>lam</span> <span class='ocrx_word' id='word_1_43' title='bbox 633 714 796 797; x_wconf 85' lang='lat' dir='ltr'>acisci</span> <span class='ocrx_word' id='word_1_44' title='bbox 812 764 831 791; x_wconf 89' lang='lat'><strong>‚</strong></span> <span class='ocrx_word' id='word_1_45' title='bbox 853 722 958 798; x_wconf 87' lang='lat' dir='ltr'>nifi</span> <span class='ocrx_word' id='word_1_46' title='bbox 973 742 1045 778; x_wconf 83' lang='lat' dir='ltr'>ex</span> <span class='ocrx_word' id='word_1_47' title='bbox 1069 723 1383 780; x_wconf 63' lang='lat' dir='ltr'>aucloritate</span> <span class='ocrx_word' id='word_1_48' title='bbox 1402 724 1754 781; x_wconf 73' lang='lat' dir='ltr'>Romanorum.</span> 
     </span>
     <span class='ocr_line' id='line_1_8' title="bbox 531 742 1779 881; baseline -0.002 -22"><span class='ocrx_word' id='word_1_49' title='bbox 531 742 775 859; x_wconf 60' lang='lat' dir='ltr'>van.</span> <span class='ocrx_word' id='word_1_50' title='bbox 806 799 951 859; x_wconf 83' lang='lat' dir='ltr'>Haec</span> <span class='ocrx_word' id='word_1_51' title='bbox 988 802 1305 859; x_wconf 86' lang='lat' dir='ltr'>renuntiata</span> <span class='ocrx_word' id='word_1_52' title='bbox 1332 802 1466 881; x_wconf 78' lang='lat' dir='ltr'>regi</span> <span class='ocrx_word' id='word_1_53' title='bbox 1499 800 1569 859; x_wconf 87' lang='lat' dir='ltr'>ad</span> <span class='ocrx_word' id='word_1_54' title='bbox 1586 818 1779 868; x_wconf 80' lang='lat' dir='ltr'>naves,</span> 
     </span>
     <span class='ocr_line' id='line_1_9' title="bbox 448 877 1787 961; baseline -0.004 -20"><span class='ocrx_word' id='word_1_55' title='bbox 448 880 552 941; x_wconf 82' lang='lat' dir='ltr'>ubi</span> <span class='ocrx_word' id='word_1_56' title='bbox 582 878 897 952; x_wconf 82' lang='lat' dir='ltr'>restiterat,</span> <span class='ocrx_word' id='word_1_57' title='bbox 931 900 1110 961; x_wconf 87' lang='lat' dir='ltr'>quum</span> <span class='ocrx_word' id='word_1_58' title='bbox 1142 878 1318 941; x_wconf 82' lang='lat' dir='ltr'>effent</span> <span class='ocrx_word' id='word_1_59' title='bbox 1349 902 1368 954; x_wconf 95' lang='lat'>;</span> <span class='ocrx_word' id='word_1_60' title='bbox 1410 882 1471 940; x_wconf 91' lang='lat' dir='ltr'>in</span> <span class='ocrx_word' id='word_1_61' title='bbox 1511 877 1787 960; x_wconf 83' lang='lat' dir='ltr'>praesentia</span> 
     </span>
     <span class='ocr_line' id='line_1_10' title="bbox 449 959 1782 1043; baseline -0.002 -24"><span class='ocrx_word' id='word_1_62' title='bbox 449 959 683 1043; x_wconf 87' lang='lat' dir='ltr'>(neque</span> <span class='ocrx_word' id='word_1_63' title='bbox 703 962 858 1021; x_wconf 88' lang='lat' dir='ltr'>enim</span> <span class='ocrx_word' id='word_1_64' title='bbox 880 961 950 1019; x_wconf 74' lang='lat' dir='ltr'>iis</span> <span class='ocrx_word' id='word_1_65' title='bbox 968 978 1214 1021; x_wconf 75' lang='lat' dir='ltr'>venerat·</span> <span class='ocrx_word' id='word_1_66' title='bbox 1230 962 1415 1041; x_wconf 87' lang='lat' dir='ltr'>copiis</span> <span class='ocrx_word' id='word_1_67' title='bbox 1434 1005 1455 1034; x_wconf 91' lang='lat'>‚</span> <span class='ocrx_word' id='word_1_68' title='bbox 1472 978 1535 1019; x_wconf 87' lang='lat' dir='ltr'>ut</span> <span class='ocrx_word' id='word_1_69' title='bbox 1552 962 1608 1019; x_wconf 82' lang='lat' dir='ltr'>vi</span> <span class='ocrx_word' id='word_1_70' title='bbox 1628 978 1782 1042; x_wconf 85' lang='lat' dir='ltr'>agere</span> 
     </span>
     <span class='ocr_line' id='line_1_11' title="bbox 446 1038 1787 1123; baseline 0 -24"><span class='ocrx_word' id='word_1_71' title='bbox 446 1040 765 1123; x_wconf 84' lang='lat' dir='ltr'>quidquam</span> <span class='ocrx_word' id='word_1_72' title='bbox 787 1038 996 1123; x_wconf 84' lang='lat' dir='ltr'>posset)</span> <span class='ocrx_word' id='word_1_73' title='bbox 1016 1043 1228 1102; x_wconf 82' lang='lat' dir='ltr'>reverti</span> <span class='ocrx_word' id='word_1_74' title='bbox 1242 1039 1666 1100; x_wconf 79' lang='lat' dir='ltr'>Demetriadem</span> <span class='ocrx_word' id='word_1_75' title='bbox 1684 1038 1787 1121; x_wconf 82' lang='lat' dir='ltr'>pla·</span> 
     </span>
     <span class='ocr_line' id='line_1_12' title="bbox 450 1120 1795 1202; baseline -0.002 -21"><span class='ocrx_word' id='word_1_76' title='bbox 450 1122 606 1181; x_wconf 85' lang='lat' dir='ltr'>cuit:</span> <span class='ocrx_word' id='word_1_77' title='bbox 642 1120 720 1182; x_wconf 90' lang='lat' dir='ltr'>ibi</span> <span class='ocrx_word' id='word_1_78' title='bbox 738 1165 759 1194; x_wconf 90' lang='lat'><strong>,</strong></span> <span class='ocrx_word' id='word_1_79' title='bbox 823 1121 1057 1180; x_wconf 87' lang='lat' dir='ltr'>uoniam</span> <span class='ocrx_word' id='word_1_80' title='bbox 1088 1124 1339 1202; x_wconf 87' lang='lat' dir='ltr'>primum</span> <span class='ocrx_word' id='word_1_81' title='bbox 1376 1141 1581 1181; x_wconf 82' lang='lat' dir='ltr'>vanum</span> <span class='ocrx_word' id='word_1_82' title='bbox 1612 1121 1795 1202; x_wconf 72' lang='lat' dir='ltr'>incep-</span> 
     </span>
     <span class='ocr_line' id='line_1_13' title="bbox 449 1199 1788 1273; baseline -0.001 -12"><span class='ocrx_word' id='word_1_83' title='bbox 449 1217 582 1261; x_wconf 83' lang='lat' dir='ltr'>tum</span> <span class='ocrx_word' id='word_1_84' title='bbox 604 1200 756 1261; x_wconf 84' lang='lat' dir='ltr'>evafi</span> <span class='ocrx_word' id='word_1_85' title='bbox 803 1217 896 1273; x_wconf 88' lang='lat' dir='ltr'>et,</span> <span class='ocrx_word' id='word_1_86' title='bbox 929 1199 1253 1262; x_wconf 87' lang='lat' dir='ltr'>consultare</span> <span class='ocrx_word' id='word_1_87' title='bbox 1279 1222 1414 1261; x_wconf 89' lang='lat' dir='ltr'>cum</span> <span class='ocrx_word' id='word_1_88' title='bbox 1430 1200 1630 1261; x_wconf 83' lang='lat' dir='ltr'>AEtolis</span> <span class='ocrx_word' id='word_1_89' title='bbox 1654 1221 1751 1261; x_wconf 86' lang='lat' dir='ltr'>rex</span> <span class='ocrx_word' id='word_1_90' title='bbox 1771 1243 1788 1271; x_wconf 93' lang='lat'><strong>‚</strong></span> 
     </span>
     <span class='ocr_line' id='line_1_14' title="bbox 376 1278 1789 1354; baseline 0.005 -18"><span class='ocrx_word' id='word_1_91' title='bbox 376 1332 382 1336; x_wconf 89' lang='lat'>.</span> <span class='ocrx_word' id='word_1_92' title='bbox 491 1281 588 1341; x_wconf 81' lang='lat' dir='ltr'>uid</span> <span class='ocrx_word' id='word_1_93' title='bbox 641 1282 847 1341; x_wconf 84' lang='lat' dir='ltr'>deinde</span> <span class='ocrx_word' id='word_1_94' title='bbox 897 1278 1081 1341; x_wconf 86' lang='lat' dir='ltr'>fieret.</span> <span class='ocrx_word' id='word_1_95' title='bbox 1139 1281 1359 1343; x_wconf 80' lang='lat' dir='ltr'><strong>Placuit</strong></span> <span class='ocrx_word' id='word_1_96' title='bbox 1376 1327 1396 1354; x_wconf 91' lang='lat'>‚</span> <span class='ocrx_word' id='word_1_97' title='bbox 1440 1280 1682 1342; x_wconf 72' lang='lat' dir='ltr'>Achae&#39;os</span> <span class='ocrx_word' id='word_1_98' title='bbox 1730 1282 1789 1343; x_wconf 91' lang='lat'>&amp;</span> 
     </span>
     <span class='ocr_line' id='line_1_15' title="bbox 510 1360 1792 1444; baseline 0.002 -25"><span class='ocrx_word' id='word_1_99' title='bbox 510 1362 936 1442; x_wconf 88' lang='lat' dir='ltr'>mynandrum‚</span> <span class='ocrx_word' id='word_1_100' title='bbox 975 1382 1177 1444; x_wconf 80' lang='lat' dir='ltr'>regem</span> <span class='ocrx_word' id='word_1_101' title='bbox 1214 1360 1595 1422; x_wconf 78' lang='lat' dir='ltr'><strong>Athamanum</strong></span> <span class='ocrx_word' id='word_1_102' title='bbox 1615 1407 1633 1435; x_wconf 92' lang='lat'><strong>,</strong></span> <span class='ocrx_word' id='word_1_103' title='bbox 1670 1378 1792 1422; x_wconf 88' lang='lat' dir='ltr'>ten-</span> 
     </span>
     <span class='ocr_line' id='line_1_16' title="bbox 445 1440 1793 1519; baseline 0.001 -18"><span class='ocrx_word' id='word_1_104' title='bbox 445 1456 585 1501; x_wconf 83' lang='lat' dir='ltr'>tare.</span> <span class='ocrx_word' id='word_1_105' title='bbox 623 1440 965 1501; x_wconf 83' lang='lat' dir='ltr'>Boeotorum</span> <span class='ocrx_word' id='word_1_106' title='bbox 1043 1459 1235 1501; x_wconf 88' lang='lat' dir='ltr'>entem</span> <span class='ocrx_word' id='word_1_107' title='bbox 1270 1442 1525 1519; x_wconf 60' lang='lat' dir='ltr'>aversam</span> <span class='ocrx_word' id='word_1_108' title='bbox 1565 1442 1631 1501; x_wconf 87' lang='lat' dir='ltr'>ab</span> <span class='ocrx_word' id='word_1_109' title='bbox 1672 1442 1793 1503; x_wconf 84' lang='lat' dir='ltr'>Ro-</span> 
     </span>
     <span class='ocr_line' id='line_1_17' title="bbox 445 1518 1789 1603; baseline 0 -22"><span class='ocrx_word' id='word_1_110' title='bbox 445 1522 630 1581; x_wconf 84' lang='lat' dir='ltr'>manis</span> <span class='ocrx_word' id='word_1_111' title='bbox 649 1518 766 1601; x_wconf 84' lang='lat' dir='ltr'>jam</span> <span class='ocrx_word' id='word_1_112' title='bbox 790 1520 925 1581; x_wconf 84' lang='lat' dir='ltr'>inde</span> <span class='ocrx_word' id='word_1_113' title='bbox 947 1543 980 1581; x_wconf 88' lang='lat' dir='ltr'>a</span> <span class='ocrx_word' id='word_1_114' title='bbox 1052 1521 1328 1603; x_wconf 84' lang='lat' dir='ltr'>rachyllae</span> <span class='ocrx_word' id='word_1_115' title='bbox 1348 1540 1533 1582; x_wconf 89' lang='lat' dir='ltr'>morte</span> <span class='ocrx_word' id='word_1_116' title='bbox 1548 1567 1566 1595; x_wconf 88' lang='lat'>,</span> <span class='ocrx_word' id='word_1_117' title='bbox 1588 1524 1648 1583; x_wconf 87' lang='lat'>&amp;</span> <span class='ocrx_word' id='word_1_118' title='bbox 1668 1543 1789 1603; x_wconf 78' lang='lat' dir='ltr'>quae</span> 
     </span>
     <span class='ocr_line' id='line_1_18' title="bbox 443 1599 1793 1677; baseline 0.001 -17"><span class='ocrx_word' id='word_1_119' title='bbox 443 1599 636 1661; x_wconf 81' lang='lat' dir='ltr'>secuta</span> <span class='ocrx_word' id='word_1_120' title='bbox 658 1622 786 1661; x_wconf 89' lang='lat' dir='ltr'>eam</span> <span class='ocrx_word' id='word_1_121' title='bbox 815 1600 1041 1677; x_wconf 83' lang='lat' dir='ltr'>fuerant</span> <span class='ocrx_word' id='word_1_122' title='bbox 1060 1644 1079 1674; x_wconf 89' lang='lat'><strong>,</strong></span> <span class='ocrx_word' id='word_1_123' title='bbox 1112 1600 1437 1663; x_wconf 75' lang='lat' dir='ltr'><strong>censebant.</strong></span> <span class='ocrx_word' id='word_1_124' title='bbox 1458 1602 1793 1663; x_wconf 81' lang='lat' dir='ltr'>Achaeorum</span> 
     </span>
     <span class='ocr_line' id='line_1_19' title="bbox 420 1679 1797 1763; baseline 0.002 -22"><span class='ocrx_word' id='word_1_125' title='bbox 420 1679 949 1763; x_wconf 70' lang='lat' dir='ltr'>&#39;Philopoemenem</span> <span class='ocrx_word' id='word_1_126' title='bbox 1018 1682 1331 1763; x_wconf 85' lang='lat' dir='ltr'>principem</span> <span class='ocrx_word' id='word_1_127' title='bbox 1374 1728 1394 1755; x_wconf 91' lang='lat'>‚</span> <span class='ocrx_word' id='word_1_128' title='bbox 1445 1682 1797 1744; x_wconf 80' lang='lat' dir='ltr'>aemulatione</span> 
     </span>
     <span class='ocr_line' id='line_1_20' title="bbox 487 1760 1799 1836; baseline 0.003 -17"><span class='ocrx_word' id='word_1_129' title='bbox 487 1760 645 1825; x_wconf 83' lang='lat' dir='ltr'>loriae</span> <span class='ocrx_word' id='word_1_130' title='bbox 685 1765 744 1820; x_wconf 88' lang='lat' dir='ltr'>in</span> <span class='ocrx_word' id='word_1_131' title='bbox 789 1761 942 1822; x_wconf 82' lang='lat' dir='ltr'>bello</span> <span class='ocrx_word' id='word_1_132' title='bbox 977 1760 1273 1822; x_wconf 89' lang='lat' dir='ltr'>Laconum</span> <span class='ocrx_word' id='word_1_133' title='bbox 1294 1807 1315 1836; x_wconf 91' lang='lat'>‚</span> <span class='ocrx_word' id='word_1_134' title='bbox 1350 1762 1611 1823; x_wconf 81' lang='lat' dir='ltr'>infestum</span> <span class='ocrx_word' id='word_1_135' title='bbox 1648 1763 1799 1825; x_wconf 87' lang='lat' dir='ltr'>invi-</span> 
     </span>
     <span class='ocr_line' id='line_1_21' title="bbox 362 1780 1799 1982; baseline 0.003 -82"><span class='ocrx_word' id='word_1_136' title='bbox 362 1908 368 1914; x_wconf 49' lang='lat'><em>,</em></span> <span class='ocrx_word' id='word_1_137' title='bbox 443 1780 684 1926; x_wconf 41' lang='lat' dir='ltr'>{umque</span> <span class='ocrx_word' id='word_1_138' title='bbox 710 1839 820 1902; x_wconf 83' lang='lat' dir='ltr'>esse</span> <span class='ocrx_word' id='word_1_139' title='bbox 852 1840 1103 1982; x_wconf 42' lang='lat' dir='ltr'>{nimio</span> <span class='ocrx_word' id='word_1_140' title='bbox 1139 1842 1468 1904; x_wconf 85' lang='lat' dir='ltr'>credebant.</span> <span class='ocrx_word' id='word_1_141' title='bbox 1494 1844 1799 1925; x_wconf 77' lang='lat' dir='ltr'>Amynan·-</span> 
     </span>
     <span class='ocr_line' id='line_1_22' title="bbox 445 1921 826 1982; baseline 0 0"><span class='ocrx_word' id='word_1_142' title='bbox 445 1921 552 1982; x_wconf 84' lang='lat' dir='ltr'>der</span> <span class='ocrx_word' id='word_1_143' title='bbox 587 1943 826 1982; x_wconf 83' lang='lat' dir='ltr'>uxorem</span> 
     </span>
     <span class='ocr_line' id='line_1_23' title="bbox 443 1945 1801 2088; baseline 0.003 -26"><span class='ocrx_word' id='word_1_144' title='bbox 443 2000 738 2080; x_wconf 81' lang='lat' dir='ltr'>cujusdam</span> <span class='ocrx_word' id='word_1_145' title='bbox 758 1945 1236 2087; x_wconf 56' lang='lat' dir='ltr'>MegaYopolitani</span> <span class='ocrx_word' id='word_1_146' title='bbox 1252 2049 1271 2079; x_wconf 90' lang='lat'>‚</span> <span class='ocrx_word' id='word_1_147' title='bbox 1298 2005 1534 2064; x_wconf 85' lang='lat' dir='ltr'>habebat</span> <span class='ocrx_word' id='word_1_148' title='bbox 1563 2025 1581 2078; x_wconf 84' lang='lat'><em>3</em></span> <span class='ocrx_word' id='word_1_149' title='bbox 1612 2008 1713 2088; x_wconf 86' lang='lat' dir='ltr'>qui</span> <span class='ocrx_word' id='word_1_150' title='bbox 1740 2005 1801 2067; x_wconf 86' lang='lat' dir='ltr'>se</span> 
     </span>
     <span class='ocr_line' id='line_1_24' title="bbox 442 2082 1803 2166; baseline 0.003 -24"><span class='ocrx_word' id='word_1_151' title='bbox 442 2082 747 2142; x_wconf 86' lang='lat' dir='ltr'>oriundum</span> <span class='ocrx_word' id='word_1_152' title='bbox 781 2105 816 2142; x_wconf 89' lang='lat' dir='ltr'>a</span> <span class='ocrx_word' id='word_1_153' title='bbox 851 2083 1072 2166; x_wconf 84' lang='lat' dir='ltr'>Magno</span> <span class='ocrx_word' id='word_1_154' title='bbox 1104 2083 1435 2144; x_wconf 82' lang='lat' dir='ltr'>Alexandro</span> <span class='ocrx_word' id='word_1_155' title='bbox 1462 2083 1651 2146; x_wconf 86' lang='lat' dir='ltr'>ferens</span> <span class='ocrx_word' id='word_1_156' title='bbox 1673 2131 1693 2160; x_wconf 87' lang='lat'><strong>‚</strong></span> <span class='ocrx_word' id='word_1_157' title='bbox 1729 2084 1803 2146; x_wconf 75' lang='lat' dir='ltr'>fi-</span> 
     </span>
     <span class='ocr_line' id='line_1_25' title="bbox 442 2161 1804 2246; baseline 0.004 -24"><span class='ocrx_word' id='word_1_158' title='bbox 442 2162 534 2222; x_wconf 84' lang='lat' dir='ltr'>liis</span> <span class='ocrx_word' id='word_1_159' title='bbox 559 2161 784 2222; x_wconf 88' lang='lat' dir='ltr'>duobus</span> <span class='ocrx_word' id='word_1_160' title='bbox 816 2162 1145 2244; x_wconf 77' lang='lat' dir='ltr'>Philippum</span> <span class='ocrx_word' id='word_1_161' title='bbox 1182 2181 1353 2246; x_wconf 87' lang='lat' dir='ltr'>atque</span> <span class='ocrx_word' id='word_1_162' title='bbox 1372 2163 1765 2242; x_wconf 79' lang='lat' dir='ltr'>Alexandrum</span> <span class='ocrx_word' id='word_1_163' title='bbox 1782 2211 1804 2242; x_wconf 87' lang='lat'><strong>,</strong></span> 
     </span>
     <span class='ocr_line' id='line_1_26' title="bbox 443 2241 1803 2326; baseline 0.003 -21"><span class='ocrx_word' id='word_1_164' title='bbox 443 2245 511 2305; x_wconf 88' lang='lat'>&amp;</span> <span class='ocrx_word' id='word_1_165' title='bbox 563 2241 693 2302; x_wconf 80' lang='lat' dir='ltr'>filiae</span> <span class='ocrx_word' id='word_1_166' title='bbox 743 2241 1053 2324; x_wconf 84' lang='lat' dir='ltr'>Apamiam</span> <span class='ocrx_word' id='word_1_167' title='bbox 1109 2247 1339 2305; x_wconf 88' lang='lat' dir='ltr'>nomina</span> <span class='ocrx_word' id='word_1_168' title='bbox 1388 2245 1743 2326; x_wconf 78' lang='lat' dir='ltr'>imposuerat</span> <span class='ocrx_word' id='word_1_169' title='bbox 1782 2271 1803 2322; x_wconf 90' lang='lat'>;</span> 
     </span>
     <span class='ocr_line' id='line_1_27' title="bbox 525 2323 1799 2406; baseline 0.005 -24"><span class='ocrx_word' id='word_1_170' title='bbox 525 2345 658 2396; x_wconf 87' lang='lat' dir='ltr'>am,</span> <span class='ocrx_word' id='word_1_171' title='bbox 687 2342 748 2382; x_wconf 87' lang='lat' dir='ltr'>re</span> <span class='ocrx_word' id='word_1_172' title='bbox 789 2325 857 2383; x_wconf 82' lang='lat' dir='ltr'>iis</span> <span class='ocrx_word' id='word_1_173' title='bbox 893 2324 1171 2404; x_wconf 77' lang='lat' dir='ltr'>inclytam</span> <span class='ocrx_word' id='word_1_174' title='bbox 1208 2325 1454 2406; x_wconf 85' lang='lat' dir='ltr'>nuptiis,</span> <span class='ocrx_word' id='word_1_175' title='bbox 1492 2323 1688 2404; x_wconf 81' lang='lat' dir='ltr'>major</span> <span class='ocrx_word' id='word_1_176' title='bbox 1729 2349 1799 2389; x_wconf 86' lang='lat' dir='ltr'>ex</span> 
     </span>
     <span class='ocr_line' id='line_1_28' title="bbox 439 2344 1800 2486; baseline 0.004 -22"><span class='ocrx_word' id='word_1_177' title='bbox 439 2344 701 2465; x_wconf 50' lang='lat' dir='ltr'>{ignibus</span> <span class='ocrx_word' id='word_1_178' title='bbox 778 2405 918 2486; x_wconf 85' lang='lat' dir='ltr'>hilip</span> <span class='ocrx_word' id='word_1_179' title='bbox 961 2426 1027 2464; x_wconf 88' lang='lat' dir='ltr'>us</span> <span class='ocrx_word' id='word_1_180' title='bbox 1058 2403 1277 2466; x_wconf 87' lang='lat' dir='ltr'>secutus</span> <span class='ocrx_word' id='word_1_181' title='bbox 1302 2407 1362 2464; x_wconf 84' lang='lat' dir='ltr'>in</span> <span class='ocrx_word' id='word_1_182' title='bbox 1388 2404 1800 2469; x_wconf 81' lang='lat' dir='ltr'>Athamaniam</span> 
     </span>
     <span class='ocr_line' id='line_1_29' title="bbox 330 2483 1803 2567; baseline 0.004 -23"><span class='ocrx_word' id='word_1_183' title='bbox 330 2499 336 2504; x_wconf 81' lang='grc'><strong><em>’</em></strong></span> <span class='ocrx_word' id='word_1_184' title='bbox 438 2483 641 2545; x_wconf 87' lang='lat' dir='ltr'>fuerat.</span> <span class='ocrx_word' id='word_1_185' title='bbox 665 2484 834 2544; x_wconf 85' lang='lat' dir='ltr'>Hunc</span> <span class='ocrx_word' id='word_1_186' title='bbox 856 2529 874 2556; x_wconf 93' lang='lat'><strong>‚</strong></span> <span class='ocrx_word' id='word_1_187' title='bbox 929 2484 1055 2544; x_wconf 67' lang='lat' dir='ltr'>ortc</span> <span class='ocrx_word' id='word_1_188' title='bbox 1086 2487 1315 2567; x_wconf 86' lang='lat' dir='ltr'>ingenio</span> <span class='ocrx_word' id='word_1_189' title='bbox 1336 2507 1547 2546; x_wconf 88' lang='lat' dir='ltr'>vanum</span> <span class='ocrx_word' id='word_1_190' title='bbox 1567 2531 1589 2560; x_wconf 90' lang='lat'>‚</span> <span class='ocrx_word' id='word_1_191' title='bbox 1614 2488 1803 2549; x_wconf 84' lang='lat' dir='ltr'>AEtoli</span> 
     </span>
     <span class='ocr_line' id='line_1_30' title="bbox 440 2563 1802 2650; baseline 0.004 -26"><span class='ocrx_word' id='word_1_192' title='bbox 440 2566 508 2624; x_wconf 71' lang='grc' dir='ltr'>ὅ(</span> <span class='ocrx_word' id='word_1_193' title='bbox 539 2565 861 2625; x_wconf 86' lang='lat' dir='ltr'>Antiochus</span> <span class='ocrx_word' id='word_1_194' title='bbox 907 2565 1247 2646; x_wconf 85' lang='lat' dir='ltr'>impulerant</span> <span class='ocrx_word' id='word_1_195' title='bbox 1288 2569 1343 2626; x_wconf 85' lang='lat' dir='ltr'>in</span> <span class='ocrx_word' id='word_1_196' title='bbox 1389 2563 1555 2647; x_wconf 80' lang='lat' dir='ltr'>spem</span> <span class='ocrx_word' id='word_1_197' title='bbox 1575 2611 1594 2641; x_wconf 88' lang='lat'><strong>,</strong></span> <span class='ocrx_word' id='word_1_198' title='bbox 1638 2570 1802 2650; x_wconf 75' lang='lat' dir='ltr'>qubd</span> 
     </span>
     <span class='ocr_line' id='line_1_31' title="bbox 421 2641 1802 2729; baseline 0.008 -29"><span class='ocrx_word' id='word_1_199' title='bbox 421 2641 487 2700; x_wconf 78' lang='lat' dir='ltr'>“is</span> <span class='ocrx_word' id='word_1_200' title='bbox 534 2645 675 2700; x_wconf 57' lang='lat' dir='ltr'>verb</span> <span class='ocrx_word' id='word_1_201' title='bbox 709 2664 912 2723; x_wconf 84' lang='lat' dir='ltr'>regum</span> <span class='ocrx_word' id='word_1_202' title='bbox 951 2645 1137 2726; x_wconf 85' lang='lat' dir='ltr'>stirpis</span> <span class='ocrx_word' id='word_1_203' title='bbox 1179 2645 1350 2718; x_wconf 60' lang='lat' dir='ltr'>effa,</span> <span class='ocrx_word' id='word_1_204' title='bbox 1378 2650 1544 2729; x_wconf 85' lang='lat' dir='ltr'>regni</span> <span class='ocrx_word' id='word_1_205' title='bbox 1589 2648 1802 2711; x_wconf 86' lang='lat' dir='ltr'>Mace-</span> 
     </span>
     <span class='ocr_line' id='line_1_32' title="bbox 433 2718 1805 2816; baseline 0.011 -41"><span class='ocrx_word' id='word_1_206' title='bbox 433 2719 651 2791; x_wconf 73' lang='lat' dir='ltr'>doniae,</span> <span class='ocrx_word' id='word_1_207' title='bbox 675 2718 716 2776; x_wconf 83' lang='lat' dir='ltr'>fi</span> <span class='ocrx_word' id='word_1_208' title='bbox 737 2719 1187 2800; x_wconf 86' lang='lat' dir='ltr'>Amynandrum</span> <span class='ocrx_word' id='word_1_209' title='bbox 1202 2726 1669 2810; x_wconf 77' lang='lat' dir='ltr'>Athamanesque</span> <span class='ocrx_word' id='word_1_210' title='bbox 1676 2730 1805 2816; x_wconf 66' lang='lat' dir='ltr'>An·</span> 
     </span>
    </p>
   </div>
   <div class='ocr_carea' id='block_1_4' title="bbox 309 2794 1805 2896">
    <p class='ocr_par' dir='ltr' id='par_1_4' title="bbox 309 2794 1805 2896">
     <span class='ocr_line' id='line_1_33' title="bbox 309 2794 1805 2896; baseline 0.019 -42"><span class='ocrx_word' id='word_1_211' title='bbox 309 2866 313 2869; x_wconf 41' lang='grc'>,</span> <span class='ocrx_word' id='word_1_212' title='bbox 397 2795 625 2857; x_wconf 72' lang='lat' dir='ltr'>&#39;rioche</span> <span class='ocrx_word' id='word_1_213' title='bbox 661 2794 1039 2882; x_wconf 61' lang='lat' dir='ltr'>conjunxisset</span> <span class='ocrx_word' id='word_1_214' title='bbox 1058 2827 1082 2884; x_wconf 77' lang='lat'>3</span> <span class='ocrx_word' id='word_1_215' title='bbox 1115 2808 1179 2874; x_wconf 84' lang='lat'>&amp;</span> <span class='ocrx_word' id='word_1_216' title='bbox 1215 2827 1285 2873; x_wconf 80' lang='lat' dir='ltr'>ea</span> <span class='ocrx_word' id='word_1_217' title='bbox 1312 2811 1531 2876; x_wconf 77' lang='lat' dir='ltr'>vanitas</span> <span class='ocrx_word' id='word_1_218' title='bbox 1553 2810 1805 2896; x_wconf 48' lang='lat' dir='ltr'>promis*</span> 
     </span>
    </p>
   </div>
   <div class='ocr_carea' id='block_1_5' title="bbox 112 3212 272 3576">
    <p class='ocr_par' dir='ltr' id='par_1_5' title="bbox 112 3212 272 3576">
     <span class='ocr_line' id='line_1_34' title="bbox 112 3212 272 3576; baseline 0 115"><span class='ocrx_word' id='word_1_219' title='bbox 112 3212 272 3576; x_wconf 95' lang='lat' dir='ltr'> </span> 
     </span>
    </p>
   </div>
   <div class='ocr_carea' id='block_1_6' title="bbox 1912 310 1919 1663">
    <p class='ocr_par' dir='ltr' id='par_1_6' title="bbox 1912 310 1919 1663">
     <span class='ocr_line' id='line_1_35' title="bbox 1912 310 1919 1663; baseline 0 0"><span class='ocrx_word' id='word_1_220' title='bbox 1912 310 1919 1663; x_wconf 95' lang='lat' dir='ltr'> </span> 
     </span>
    </p>
   </div>
   <div class='ocr_carea' id='block_1_7' title="bbox 968 1922 1913 1998">
    <p class='ocr_par' dir='ltr' id='par_1_7' title="bbox 968 1922 1913 1998">
     <span class='ocr_line' id='line_1_36' title="bbox 968 1922 1913 1998; baseline 0.005 -16"><span class='ocrx_word' id='word_1_221' title='bbox 968 1925 1229 1998; x_wconf 75' lang='lat' dir='ltr'>amiam,</span> <span class='ocrx_word' id='word_1_222' title='bbox 1273 1922 1448 1984; x_wconf 86' lang='lat' dir='ltr'>filiam</span> <span class='ocrx_word' id='word_1_223' title='bbox 1484 1923 1802 1986; x_wconf 83' lang='lat' dir='ltr'>Alexandri</span> <span class='ocrx_word' id='word_1_224' title='bbox 1911 1929 1913 1936; x_wconf 82' lang='lat'>&#39;</span> 
     </span>
    </p>
   </div>
  </div>
 </body>
</html>
