2004 3691
364 343 459 396 20
753 325 828 395 Τ.
927 325 984 395 L
1032 344 1071 395 1
1124 341 1182 396 ν
1228 344 1266 395 1
1313 339 1355 396 1
1466 397 1475 404 ,

149 461 340 507 e=
357 439 520 520 suam
563 443 850 522 pecuniam
885 439 1009 522 fhre
1058 445 1093 504 ?
1141 441 1351 523 Quum
1401 441 1467 503 &
1522 417 1737 524 privati

159 530 345 620 vec-552·
371 544 601 604 aequum
641 521 1026 603 postularent,
1062 545 1169 585 nec
1210 542 1404 585 tamen
1446 521 1732 594 solvendo,

151 591 191 620 ⁸'
237 590 354 620 '²⁰⁰'
373 625 485 664 aere
509 604 700 663 alieno
733 602 1051 685 respublica
1081 603 1249 681 effet',
1282 603 1441 688 quod
1470 603 1732 666 medium

371 687 523 744 inter
557 705 786 764 aequum
823 686 886 745 δι
919 686 1060 746 utile
1113 702 1229 746 erat
1254 728 1273 757 ,
1310 685 1687 746 decreverunt
1711 727 1735 760 ‚
1808 707 1813 712 ·

379 767 464 824 Ut
479 809 500 836 ‚
535 767 790 844 quoniam
810 787 1008 848 magna
1031 788 1165 847 pars
1187 788 1361 826 eorum
1383 785 1541 846 agros
1564 765 1733 846 vulg&

373 847 596 906 venales
633 843 730 923 ff
769 848 959 906 diceret
977 893 1000 919 ,
1042 845 1095 907 δ’
1116 848 1332 926 fibimet
1364 848 1553 925 emptis
1595 866 1733 927 opus

377 924 474 1006 effi
495 948 521 998 ;
553 929 668 1008 agri
725 927 926 1000 ublici,
961 929 1055 1008 qui
1080 931 1222 988 intra
1250 927 1734 1008 quinquagesimum

374 1007 610 1087 lapidem
631 947 752 1086 &fit
766 1054 789 1081 ,
809 1011 968 1089 copia
996 1011 1070 1068 iis
1078 1011 1247 1088 fieret.
1274 1005 1527 1085 Consules
1550 1027 1735 1087 agrum

373 1089 718 1169 aestimaturos
733 1131 756 1160 ,
793 1089 848 1149 6·
893 1092 952 1149 in
981 1088 1175 1173 jugera
1219 1085 1358 1170 affes
1408 1089 1693 1169 vefligales
1712 1130 1736 1160 ,

376 1170 604 1250 testandi
633 1172 805 1228 causei
823 1171 1102 1250 publicum
1140 1191 1324 1252 agrum
1357 1163 1453 1246 ff
1472 1213 1491 1244 ,
1526 1167 1739 1250 impost-

377 1265 525 1308 turos
551 1271 580 1320 ,·
613 1266 709 1322 ut,
725 1251 784 1329 fi
805 1252 929 1329 quis
948 1295 971 1322 ,
1002 1273 1165 1330 quum
1188 1249 1396 1328 Jblvere
1429 1248 1602 1330 poffet
1614 1269 1740 1332 yo-

367 1329 540 1410 pulus
559 1373 582 1401 ,
610 1333 902 1410 pecuniam
931 1331 1157 1402 habere,
1194 1332 1357 1410 qudm
1392 1351 1576 1412 agrum
1604 1330 1741 1388 mal-

374 1410 452 1469 let
471 1453 494 1481 ,
519 1411 791 1489 restitueret
815 1432 998 1491 agrum
1029 1411 1255 1493 populo.
1278 1408 1418 1470 Laeti
1443 1430 1571 1470 eam
1596 1430 1741 1479 con-

310 1539 318 1546 .
378 1489 661 1548 ditionem
693 1493 1218 1573 privatiaccepere.
1237 1487 1525 1551 Trientius
1550 1487 1741 1551 Tabui-

343 1573 348 1579 '
379 1567 594 1653 liusque
631 1571 679 1628 is
716 1591 885 1653 ager,
923 1573 1056 1652 quia
1088 1593 1194 1652 pro
1224 1573 1389 1633 tertia
1430 1587 1589 1652 parte
1635 1589 1741 1652 ρει,

273 1717 280 1726 ‚
381 1653 563 1710 cuniae
605 1649 764 1712 datus
805 1667 926 1711 erat
950 1697 969 1725 ‚
1005 1652 1343 1734 appellatus.
1490 1709 1499 1716 .

169 1759 242 1800 ,m
270 1757 364 1798 mu,
463 1729 629 1790 XIV.
655 1729 814 1791 Tum
841 1731 906 1792 P.
923 1730 1205 1812 Sulpicius
1225 1778 1246 1807 ,
1268 1729 1575 1792 secundum
1599 1747 1745 1794 vota

161 1808 362 1898 2222?
381 1809 441 1872 in
487 1809 780 1893 Capitolio
836 1830 1160 1895 nuncupata
1195 1858 1213 1889 ‚
1261 1811 1557 1894 paludatus
1609 1833 1745 1888 cum

379 1891 669 1953 lisloribus
708 1892 995 1975 profesius
1031 1894 1102 1955 ab
1159 1892 1339 1967 urbe,
1379 1892 1744 1957 Brundisium

380 1975 545 2037 venit
581 1995 598 2047 ;
637 1975 701 2033 &
744 1974 1037 2034 veteribus
1085 1973 1356 2033 militibus
1402 1974 1744 2035 voluntariis

383 2075 457 2114 ex
474 2051 750 2115 Africano
785 2056 1114 2125 exercituin
1132 2054 1183 2113 le
1224 2055 1386 2113 iones
1410 2052 1701 2149 descriptis
1720 2097 1743 2130 ‚

378 2132 735 2215 navibusque
770 2154 842 2193 ex
875 2133 1038 2194 classe
1076 2155 1187 2195 con
1210 2134 1319 2193 ulis
1348 2130 1607 2195 Cornelii
1633 2134 1747 2195 lec·

380 2217 492 2295 tiS,
525 2214 701 2274 altera
740 2215 834 2275 die
860 2260 880 2289 ,
916 2214 1089 2296 quem
1126 2237 1159 2275 a
1189 2212 1488 2275 Brundisio
1527 2214 1697 2277 solvit
1718 2261 1744 2291 ,

383 2296 444 2357 in
465 2294 875 2356 Macedoniam
895 2294 1133 2376 trajecit.
1155 2293 1241 2355 Ibi
1264 2298 1318 2354 ei
1350 2294 1555 2377 praestb
1579 2294 1745 2358 fuere

386 2373 824 2439 Atheniensium
854 2376 909 2437 le
949 2378 1022 2435 ati
1048 2421 1067 2449 ,
1100 2394 1327 2437 orantes
1346 2421 1366 2451 ‚
1404 2394 1467 2436 ut
1505 2374 1561 2437 se
1598 2376 1748 2439 obfi-

203 2480 370 2521 xmm
388 2458 562 2517 dione
583 2459 878 2519 eximeret.
993 2455 1119 2519 issus
1160 2457 1455 2537 extemplo
1486 2456 1749 2521 Athenas

169 2530 366 2631 :fflfflff'
387 2537 469 2601 est
508 2536 579 2599 C.
615 2536 893 2598 Claudius
916 2536 1150 2599 Centho
1174 2582 1195 2609 ‚
1229 2560 1360 2599 cum
1395 2539 1600 2620 viginti
1626 2540 1751 2598 lon·

385 2621 470 2703 gis
516 2618 802 2689 navibuS,
836 2620 902 2680 &
945 2618 1191 2678 militum
1243 2618 1425 2699 copiis
1477 2641 1491 2678 ε
1553 2639 1751 2699 neque

385 2701 544 2761 enim
569 2696 688 2781 ipse
719 2719 820 2758 rex
843 2696 1099 2759 Athenas
1137 2696 1433 2760 obsidebat
1471 2718 1488 2757 :
1516 2718 1588 2759 eo
1619 2720 1756 2759 ma-

385 2780 538 2859 nime
576 2796 839 2859 tempore
867 2776 1152 2860 Abydum
1190 2801 1349 2863 oppu
1388 2779 1555 2839 nabat
1576 2823 1597 2852 ‚
1626 2776 1749 2859 jam

387 2881 520 2919 cum
547 2858 788 2921 Rhodiis
819 2860 885 2925 &
923 2859 1123 2921 Attalo
1163 2800 1455 2922 navalifius
1485 2860 1749 2919 certami-

387 2938 597 3016 nibus,
633 2956 836 3005 neutro
876 2938 1119 3005 feliciter
1156 2941 1406 3025 proelio,
1450 2942 1607 3005 vir-es
1646 2938 1751 3016 exi
