2004 3691
509 333 604 375 IN
644 318 807 378 Lm.
849 318 1199 377 XXXIV.
1429 334 1543 399 393

178 460 183 465 .
260 430 355 487 31.
390 414 643 486 Permtffo,
680 437 734 471 ue
757 456 772 471 .
802 457 817 472 .
848 455 861 471 .
888 423 983 490 seu
1029 422 1210 471 mallet.
1245 419 1551 474 particulam

180 508 237 541 ur
277 506 461 543 vacare
482 530 497 555 ,
544 495 691 546 immo
742 496 941 546 turbare
988 506 1159 547 monet
1199 494 1486 547 Crevierius
1535 534 1550 559 ,

178 581 240 615 ac
280 565 493 631 proinde
543 566 641 617 effe
694 568 1021 619 resecandam.

253 638 450 689 Nomen
485 643 678 705 tyranni
716 640 761 689 ὃ·
800 640 934 705 firi-'la
982 660 1054 692 me
1088 660 1318 709 premunt.
1354 641 1550 693 Prono·

178 728 299 764 men
325 710 432 775 me‘,
472 714 606 781 quod
643 710 795 779 ejecit
841 715 1160 779 GronoviuS,
1188 716 1389 769 servant
1427 717 1550 767 editi

178 785 420 851 prioreS,
465 786 517 836 &
560 788 721 838 codex
765 788 1110 856 Moguntinus.

254 858 407 908 Nihil
444 877 708 927 comparare
726 860 915 929 fingula
957 860 1127 927 uec-effe
1161 862 1238 924 est.
1259 862 1403 913 Haud
1430 880 1544 913 rec·-

181 930 235 981 te
297 932 547 983 omittitur
600 934 652 983 in
694 936 909 1002 vulgatis
950 938 1160 987 verbum
1209 936 1272 998 est
1309 972 1324 998 ,
1371 938 1546 989 invitis

178 1002 381 1072 scriptis
418 1007 470 1057 ὃ(
504 1007 651 1057 editis
694 1008 963 1059 veteribus.

254 1094 347 1145 32·
399 1080 512 1128 Cum
570 1078 745 1147 Pelope
782 1098 899 1150 rege.
944 1083 1143 1133 Nomen
1191 1082 1322 1150 tegis
1375 1082 1486 1149 ejus
1529 1118 1548 1145 ‚

176 1168 399 1217 quocum
444 1152 653 1205 societas
699 1167 842 1205 vetus
889 1172 917 1204 a
938 1154 1174 1209 Romanis
1233 1156 1360 1207 fasta
1406 1156 1474 1205 est
1529 1192 1546 1217 ‚

176 1224 412 1276 vitiatum
436 1224 535 1276 effe
574 1226 783 1277 ostendit
809 1226 1098 1279 Crevierius
1126 1246 1140 1278 τ
1170 1246 1280 1279 nam
1305 1228 1550 1295 Pelopem

179 1314 281 1347 non
324 1298 469 1365 poffe
508 1300 603 1349 dici
651 1300 827 1367 justum
890 1302 941 1352 &
980 1303 1253 1369 legitimum
1309 1318 1480 1370 regem
1527 1337 1546 1364 ,

178 1369 403 1439 Lycurgi
445 1374 643 1441 tyranni
686 1372 839 1424 filium
881 1411 897 1436 ,
942 1392 1089 1441 quem
1134 1376 1286 1425 Nabis
1333 1375 1546 1427 interfe-

178 1443 295 1495 ciffe
330 1446 513 1495 dicitur
537 1484 554 1509 ‚
598 1445 847 1514 postquam
882 1459 1080 1499 mortuo
1127 1448 1424 1499 Machanidii
1463 1460 1542 1515 ty-

178 1533 335 1569 ranno
360 1556 377 1580 ,
429 1519 531 1585 ipse
574 1521 885 1587 tyrannidem
928 1520 1116 1571 invafit.
1153 1522 1325 1587 ltaque
1363 1522 1546 1587 aliquid

179 1588 407 1655 peccasse
454 1604 538 1642 aut
585 1594 897 1643 librariorum
955 1611 1149 1646 manum
1184 1630 1202 1658 ,
1255 1606 1339 1644 aut
1400 1593 1545 1660 ipsius

180 1662 309 1718 Livii
351 1666 658 1716 memoriam.

258 1735 438 1788 Tamen
464 1738 673 1806 (supple
714 1742 849 1809 eos)
898 1757 1004 1789 cum
1040 1755 1190 1789 cetera
1245 1736 1545 1789 liberavimus

184 1808 388 1866 Gracia.
432 1812 572 1864 Hanc
608 1813 827 1880 priorum
871 1814 1118 1865 editorum
1159 1812 1424 1865 leftionem
1466 1829 1549 1863 re-

182 1887 469 1938 vocavimus
489 1923 504 1948 ,
545 1904 689 1953 quam
740 1887 905 1938 sensus
956 1887 1169 1954 postulat
1196 1925 1212 1950 ,
1252 1887 1305 1938 δε
1354 1885 1549 1938 firmant

182 1959 413 2029 plerique
454 1961 651 2011 codices
681 1997 695 2021 ,
738 1961 787 2009 in
829 1960 1006 2026 quibus
1048 1961 1272 2011 scribitur
1317 1959 1547 2010 liberavi-

182 2049 301 2083 mus.
336 2031 527 2101 Nulgb
570 2033 730 2081 editur
752 2070 767 2094 ,
793 2047 949 2083 tamen
992 2051 1130 2100 quum
1177 2049 1375 2082 ceteram
1423 2031 1545 2083 libe-

182 2111 439 2156 raverimus
486 2103 729 2156 Graeciam.
770 2105 869 2155 Sed
904 2105 1038 2157 recte
1069 2106 1298 2158 observat
1335 2106 1545 2158 Crevie-

185 2179 284 2230 rius
306 2197 411 2230 non
452 2177 533 2228 hic
574 2179 831 2246 Quintium
872 2180 1200 2248 argumentari
1239 2198 1266 2230 a
1309 2181 1542 2230 libertate

184 2253 280 2302 toti
326 2253 537 2304 Graeciae
584 2253 773 2303 reddita
795 2289 810 2314 ,
852 2251 936 2304 sed
974 2272 1002 2304 a
1028 2254 1261 2304 libertate
1303 2252 1549 2304 Thefl'alis

184 2322 283 2374 ἃς.
323 2324 565 2377 concefl'a.

256 2399 332 2449 At
378 2403 499 2449 enim
546 2413 597 2450 ut
644 2397 754 2464 jam
813 2399 887 2446 ita
941 2396 1043 2463 fine
1087 2399 1212 2465 hac..
1263 2396 1340 2446 Ita
1383 2396 1546 2448 codex

186 2468 513 2540 Moguntinus
540 2472 593 2522 ὃ(
633 2474 753 2523 editi
793 2483 908 2522 ante
948 2471 1300 2532 Gronovium‚
1345 2471 1426 2536 qui
1451 2471 1546 2536 pri·

187 2560 313 2595 mam
351 2563 527 2598 vocem
564 2544 702 2612 ejicit
727 2583 741 2608 ‚
796 2543 957 2616 abeflJe
1000 2543 1201 2594 testatus
1243 2561 1271 2593 a
1308 2543 1402 2593 suis
1442 2542 1545 2597 mff.

263 2634 351 2684 34.
399 2617 529 2670 Bene
570 2633 757 2676 vertat,
788 2621 981 2685 inquit,
1025 2619 1212 2684 quando
1237 2620 1309 2666 ita
1345 2617 1507 2684 placet
1525 2655 1544 2677 ,

188 2687 474 2754 obfideamus
552 2689 641 2740 δέ.
701 2691 767 2742 Et
808 2690 934 2740 infra
988 2693 1040 2740 in
1083 2708 1365 2740 commeatus
1406 2689 1546 2740 vobis

188 2761 405 2830 nobisque
434 2800 447 2814 .
470 2799 485 2814 .
510 2799 523 2813 .
568 2765 889 2830 expedz‘endos.
924 2762 1070 2814 Hunc
1114 2777 1292 2815 vocum
1321 2763 1546 2816 ordinem

190 2834 388 2886 servant
434 2838 593 2888 codex
645 2837 971 2905 Moguntinus
1018 2837 1069 2888 δι
1109 2839 1301 2904 priores
1343 2836 1480 2885 editi.

268 2924 291 2974 3
306 2927 353 2972 5.
374 2907 603 2979 Perfiaegas
630 2909 677 2958 ἃ
721 2913 953 2976 captivos.
980 2909 1120 2962 Mal'e
1147 2910 1374 2976 copulam
1401 2905 1554 2967 omit!

189 2990 303 3036 tunt
322 2983 507 3056 vulgati
556 2983 668 3054 post
705 2981 997 3040 Gruterum..
1189 3052 1236 3110 R

330 3063 335 3068 “
1274 3067 1326 3120 ιι]

806 3155 820 3178 0
