2004 3691
383 290 436 358 L
467 307 506 360 ι
535 303 586 357 Β
622 302 671 355 Β
701 277 754 355 n
837 242 1280 357 XXXII.
1389 286 1519 381 ης·

153 400 340 466 altera
369 403 673 465 Romanos
713 400 1043 465 arcessebat.
1081 402 1263 464 AEtoli
1304 404 1525 483 priores
1552 434 1749 467 =====

155 502 448 545 venerunt
485 506 504 559 ;
543 482 638 544 sed
676 484 1007 566 opulentior
1039 483 1251 561 faaio,
1290 482 1528 543 exclusis
1554 491 1754 540 uem.

163 566 419 640 AEtolis‚
442 562 722 646 miffoque
759 566 833 624 ad
865 567 1279 645 imperatorem
1312 564 1533 624 Roma·
1556 540 1755 590 '‘c'm‘

161 667 306 706 num
326 648 526 705 nuntio
543 688 564 718 ,
593 645 770 726 usque
792 649 850 704 in
869 646 1183 705 adventum
1208 644 1331 725 ejus
1350 646 1539 705 tenuit

167 727 393 787 urbem.
419 726 640 789 Arcem
671 728 888 807 regium
915 726 1149 786 tenebat
1172 724 1539 807 praefidium3

166 828 387 889 neque,
406 824 468 867 ut
491 805 908 867 descenderent
930 806 1097 879 inde,
1117 824 1213 866 aut
1236 804 1541 887 Opuntio-

169 910 300 947 rum
331 890 530 961 minis,
557 905 654 947 aut
681 886 1017 947 austeritate
1047 888 1374 968 imperantis
1405 909 1543 948 con·

171 967 302 1030 sulis
337 968 632 1041 Romani,
666 967 912 1049 perpelli
953 984 1284 1048 potuerunt.
1330 964 1546 1039 Mora,

171 1072 275 1111 cur
303 1070 427 1108 non
453 1048 750 1129 extemplo
783 1064 1281 1130 oppugnarentur,
1313 1068 1379 1108 ea
1403 1046 1549 1121 fuit,

177 1130 342 1212 quod
383 1130 726 1189 caduceator
765 1129 837 1187 ab
875 1148 1013 1210 rege
1052 1146 1323 1203 venerat,
1354 1129 1553 1188 locum

180 1232 250 1271 ac
303 1226 531 1289 tempus
581 1224 781 1291 petens
831 1209 1152 1289 colloquio.
1202 1208 1270 1269 Id
1319 1208 1557 1292 gravate·
1634 1240 1752 1283 „mg

179 1288 512 1352 conceffum
565 1310 628 1349 re
670 1292 683 1305 '
745 1286 826 1349 est
869 1311 890 1363 3
941 1310 1062 1349 non
1120 1292 1258 1371 quin
1313 1304 1556 1373 cuperet
1572 1302 1700 1387 2253

184 1371 470 1451 Quintius
499 1390 605 1451 per
653 1390 686 1430 e
714 1371 922 1450 partim
950 1372 1153 1442 armis,
1176 1372 1382 1451 partim
1412 1392 1555 1431 con·
1576 1400 1655 1445 qum
1675 1386 1779 1427 Pu.-

186 1453 498 1514 ditionibus
537 1450 864 1511 confeEium
895 1451 1084 1511 videri
1119 1451 1381 1511 bellurn:
1419 1437 1702 1512 nec-“Pp‘'

187 1535 331 1594 dum
385 1535 542 1593 enim
595 1531 801 1591 sciebat
827 1575 848 1604 ,
887 1548 1084 1591 utrum
1130 1530 1409 1592 successor
1456 1531 1563 1593 srbi

187 1617 334 1675 alter
371 1634 447 1673 ex
485 1614 658 1674 novis
703 1610 1027 1671 consulibus
1068 1610 1420 1687 mitteretur,
1452 1634 1523 1673 an
1543 1658 1566 1689 ,

189 1694 360 1779 quod
380 1739 400 1768 ‚
437 1690 661 1751 sum-ma
691 1693 757 1750 vi
796 1708 862 1750 ut
895 1692 1236 1764 tenderent,
1266 1694 1463 1755 amicis
1502 1696 1567 1755 δε

191 1775 542 1862 propinquis
583 1771 988 1843 mandaverat,
1017 1774 1323 1856 imperium
1359 1794 1572 1856 proro-

194 1874 431 1942 garetur
469 1877 485 1915 ι
538 1871 738 1934 aptum
787 1870 982 1912 autem
1032 1851 1157 1914 fore
1210 1855 1571 1936 colloquium

191 1936 516 2009 credebat,
555 1950 619 1994 ut
671 1932 774 1995 fibi
827 1933 1075 1993 liberum
1128 1933 1265 1995 effet
1290 1981 1308 2010 ‚
1344 1935 1445 1996 vel
1498 1935 1575 1998 ad

193 2019 420 2082 bellum
454 2016 749 2087 manenti,
778 2015 880 2074 vel
919 2015 992 2073 ad
1030 2035 1233 2096 pacem
1268 2011 1577 2078 decedenti

199 2119 332 2161 rem
367 2097 656 2156 inclinare.
698 2092 765 2153 In
802 2092 926 2154 finu
962 2093 1219 2155 Maliaco
1258 2116 1438 2178 prope
1468 2095 1580 2157 Ni-

201 2199 389 2242 caeam
410 2175 567 2236 littus
593 2175 822 2256 elegere
852 2175 962 2234 :eb
991 2195 1096 2234 rex·
1113 2175 1183 2235 ab
1204 2173 1579 2238 Demetriade

204 2281 346 2322 cum
425 2260 637 2338 uirique
675 2256 878 2314 lembis
916 2256 1119 2316 &una
1154 2277 1303 2318 nave
1344 2256 1583 2320 rostrata

202 2341 397 2402 venit.
465 2354 588 2396 rant
612 2357 743 2394 cum
769 2355 841 2394 eo
861 2337 1147 2416 principes
1170 2335 1590 2412 Macedonum,

206 2421 279 2484 &
314 2418 664 2479 Achaeorum
690 2414 849 2474 exsul
879 2418 966 2474 vir
996 2415 1225 2496 insignis
1250 2415 1584 2498 Cycliadas

207 2499 380 2564 Cum
406 2500 752 2576 imperatore
773 2493 1045 2554 Romano
1074 2516 1173 2554 rex
1198 2495 1585 2578 Amynander

210 2598 344 2643 erat
373 2623 392 2650 ‚
426 2580 491 2638 &
521 2574 968 2654 Dionysodorus
1001 2575 1186 2635 Attali
1226 2577 1440 2660 legatus
1465 2625 1482 2654 ,
1520 2581 1589 2641 &

210 2657 668 2743 Agesimbrotus
722 2654 1014 2736 praefeffirs
1060 2654 1304 2719 Rhodiae
1358 2657 1537 2719 claffis
1572 2705 1593 2734 ,

216 2741 285 2806 ὃ(
316 2739 592 2800 Phaeneas
625 2736 888 2817 princeps
913 2735 1241 2800 AEtolorum
1258 2784 1278 2817 ,
1298 2741 1366 2802 ἃ
1394 2730 1597 2800 Αςὴέὶ
1670 2805 1673 2810 ,

219 2825 353 2883 duo
373 2815 742 2892 ,Aristaenus
781 2818 846 2877 &
880 2815 1235 2914 Xenophon.
1286 2815 1443 2880 Inter
1487 2819 1597 2880 hos

217 2903 534 2965 Romanus
571 2897 646 2960 ad
680 2913 1007 2961 >extremum
1046 2899 1202 2961 lmus
1234 2897 1563 3038 progressus
1580 2940 1604 2972 ,

1324 2976 1383 3058 lj-
