2004 3691
414 288 780 360 LIBER
878 283 1356 355 XXXIII.
1433 283 1555 354 161

193 412 362 476 erat,
402 403 671 464 cornibus
708 402 1150 483 circumjecium.
1191 403 1280 465 Eo
1323 403 1416 464 die
1458 400 1568 462 ste·-

186 495 399 542 temnt
427 487 645 544 tantiun
677 486 822 556 acies
856 501 1110 566 utraeque
1147 484 1310 566 snper
1335 486 1518 564 ripam
1541 528 1566 558 ‚

202 565 313 646 qui
344 567 500 622 tenui
517 565 661 646 aquil
683 565 1042 626 interfluebat
1057 611 1076 638 ,
1100 567 1366 626 torrentis
1392 586 1412 639 ;
1434 585 1566 646 pau·

198 642 402 724 ‘cisque
445 645 574 704 telis
622 643 862 719 emistis,
897 647 956 705 in
998 643 1175 706 castra
1227 661 1566 725 receperunt

200 721 347 784 sese.
379 724 616 786 Postero
658 727 753 787 die
805 727 1015 786 eodem
1059 728 1261 788 ordine
1315 723 1564 786 instruffi

200 803 393 884 majus
433 806 718 945 aliguantb
760 806 1030 886 proelium
1050 853 1070 882 ,
1107 807 1278 890 quem
1317 829 1423 886 pro
1465 827 1565 866 nu·

200 905 377 945 mero
418 886 511 946 edi
556 907 649 946 ere
728 890 1096 968 ugnantium3
1118 909 1226 948 nec
1253 890 1408 946 enim
1437 885 1564 967 plus

199 981 371 1026 terna
393 967 571 1026 millia
596 987 669 1048 pe
714 969 855 1028 itum
876 967 1037 1029 fuere
1059 1011 1080 1040 ‚
1100 970 1166 1031 &
1195 970 1423 1028 centeni
1446 966 1562 1026 fer-

201 1067 305 1106 me
355 1050 573 1129 equites
599 1069 627 1130 ,3
668 1064 923 1110 ceterum
974 1071 1096 1110 non
1145 1068 1390 1110 numero
1432 1064 1563 1106 tan-

205 1128 376 1201 tiim,
411 1149 518 1188 nec
560 1149 849 1190 armorum
898 1150 1109 1212 genere
1145 1175 1166 1204 ‚
1207 1129 1306 1189 sed
1365 1129 1567 1189 animis

204 1227 443 1298 quoque
481 1209 746 1288 paribus,
788 1211 855 1272 &
908 1210 1071 1292 aequfi
1121 1208 1220 1292 spe
1273 1228 1569 1292 pugnave-

1592 427 1786 462 ΕΞ

1593 483 1787 535 υ.ε.ςςς.

1588 547 1625 575 a·
1638 533 1789 584 001q7.

205 1306 363 1350 runt.
392 1288 591 1350 Achaei
632 1293 838 1371 primi,
869 1307 1122 1351 torrente
1155 1290 1215 1350 su
1260 1309 1416 1350 erato
1437 1334 1460 1364 ‚
1505 1291 1568 1350 in
1651 1329 1660 1338 ·

204 1366 484 1452 Agrianas
512 1371 791 1452 impetum
818 1369 1200 1446 fecere3dein
1240 1392 1271 1431 e
1291 1388 1414 1430 tota
1475 1391 1566 1430 ro-

205 1450 287 1534 pe
322 1448 479 1511 cursu
514 1447 836 1534 transgress'a
856 1471 1086 1512 amnem
1124 1445 1274 1512 acies
1314 1447 1413 1511 est.
1432 1393 1564 1512 Bia

206 1549 421 1612 anceps
454 1552 643 1613 pugna
668 1529 821 1604 stetit
848 1554 863 1592 z
895 1553 1135 1594 numero
1164 1531 1366 1592 Achaei
1401 1531 1564 1592 mille

208 1611 279 1672 &
319 1610 421 1692 ipfi
460 1612 904 1694 quadringentos
946 1612 1082 1677 loco
1129 1613 1418 1694 expulere.
1464 1611 1564 1672 In·

207 1691 382 1755 clinat
410 1691 541 1752 dein
574 1693 838 1754 dextrum
871 1715 1046 1754 omne
1069 1715 1262 1753 cornu.
1294 1691 1566 1752 Macedo-

204 1793 315 1834 nes
342 1816 361 1849 2
402 1772 574 1856 usque
626 1775 765 1834 dum
814 1773 1020 1836 ordine
1063 1776 1128 1834 δι
1163 1774 1326 1836 velut
1367 1771 1568 1853 stipata

206 1854 455 1937 phalanx
492 1853 865 1931 consistebat,
885 1858 1112 1917 moveri
1147 1857 1566 1937 nequiverunt:

202 1932 513 2029 ‘postquam
534 1979 553 2008 ,
598 1936 749 1997 laevo
792 1935 968 1996 latere
1021 1936 1233 1996 nudato
1255 1980 1276 2009 ,
1323 1936 1568 1994 circum-

230 2036 397 2081 acere
436 2015 615 2080 hastas
657 2018 715 2079 in
761 2019 1094 2079 venientem
1139 2037 1208 2076 ex
1251 2012 1570 2077 transverso

253 2094 437 2161 ostem
474 2098 661 2157 conati
700 2095 825 2157 sunt
846 2141 867 2171 ‚
906 2096 1112 2159 turbati
1156 2095 1446 2177 extemplo
1476 2112 1567 2155 tu·
1616 2120 1619 2125 ·

206 2178 459 2238 multum
498 2177 689 2259 primb
736 2178 883 2242 inter
930 2172 993 2237 se
1041 2174 1299 2241 fecerunt
1338 2198 1359 2249 ;
1408 2192 1567 2257 terga

206 2257 425 2318 deinde
456 2274 685 2323 vertunt
704 2280 723 2330 3
741 2256 1040 2337 posti-emb
1064 2300 1085 2329 ,
1107 2254 1334 2337 abjeffls
1355 2258 1526 2317 armis
1543 2298 1566 2329 ,

205 2338 272 2398 in
300 2340 651 2421 praecipitem
684 2336 745 2397 fu
784 2359 879 2400 am
910 2334 1108 2407 effufi,
1134 2334 1428 2419 Bargylias
1458 2354 1570 2414 peg-

169 2472 176 2476 .
206 2435 401 2483 tentes
430 2417 707 2500 fugerunt.
779 2416 954 2477 odem
988 2419 1052 2479 &
1073 2414 1415 2477 Dinocrates
1441 2434 1568 2495 per·-

204 2496 373 2582 fugit.
411 2498 667 2575 Rhodii,
700 2515 972 2583 quantum
1015 2496 1130 2559 diei
1180 2493 1240 2557 su
1285 2494 1450 2558 erfuit
1482 2492 1569 2555 se-

206 2582 373 2655 cuti,
401 2596 737 2660 receperunt
784 2577 841 2643 se
888 2578 959 2637 ad
1000 2574 1192 2661 castra.
1275 2578 1377 2637 atis
1425 2596 1569 2639 con-

205 2659 350 2734 stat,
376 2658 419 2721 fi
444 2658 744 2722 confestim
768 2658 1014 2723 vietores
1039 2656 1450 2739 ‚Stratoniceam
1474 2676 1570 2737 pe-

205 2740 400 2808 tiss’ent
418 2784 439 2811 ,
474 2741 651 2821 recipi
691 2760 815 2799 eam
862 2740 1063 2815 urbem
1103 2736 1222 2803 fine
1251 2738 1570 2803 certamine

208 2818 475 2907 potuisse.
510 2816 875 2879 Praetermiffa
910 2817 1034 2897 ejus
1074 2820 1156 2879 rei
1187 2814 1410 2879 occasio
1451 2814 1565 2901 est,

208 2902 355 2969 dum
391 2896 452 2965 in
490 2898 723 2969 castellis
758 2896 1255 2990 vicisque-'Peraeae
1289 2896 1576 2984 recipient
