2004 3691
219 599 226 607 a

193 695 282 736 U.c

487 449 494 457 '
604 438 1017 511 LIBER
1125 438 1578 510 XXXII.

409 635 460 698 1.
483 568 598 699 C
621 653 950 700 ousutts
1038 634 1383 732 raetoresque
1435 656 1615 718 quum
1660 637 1793 698 Idi-

190 709 391 798 =.c‡{{.³,j
411 718 519 782 bus
554 719 776 780 Martiis
816 720 966 800 magi
1018 736 1200 778 ratum
1232 715 1453 778 imffent
1478 761 1501 791 ,
1532 721 1791 800 provin·-

223 796 392 835 ΜΝ·
413 802 525 858 cias
559 797 738 860 sortiti
777 797 919 859 sunt.
959 798 1027 857 L.
1064 797 1345 859 Cornelio
1382 797 1627 858 Lentulo
1668 797 1791 860 Ita-

191 844 302 882 nelio
324 869 336 886 .

190 891 241 931 P·
261 892 392 932 Villio
411 879 483 939 lia
503 923 524 954 ,
571 879 634 940 P.
673 877 855 938 Villio
899 877 1249 938 Macedonia
1295 900 1315 951 3
1370 878 1708 959 praetoribus
1754 922 1781 952 ,

192 940 230 978 C
236 941 305 979 off.

222 990 368 1029 Ρνονὶη

190 1041 274 1077 cia.

369 1013 391 1022 -
408 959 475 1020 L.
575 961 755 1022 uintio
780 957 1019 1031 urbana,
1043 956 1156 1018 Cn.
1183 957 1381 1018 Baebio
1401 956 1733 1020 Ariminum
1755 1005 1783 1034 ‚

405 1039 473 1102 L.
575 1041 754 1100 alerio
789 1033 1014 1112 Sicilia,
1037 1039 1111 1099 L.-
1137 1037 1322 1098 Villio
1356 1035 1611 1102 Sardinia
1638 1059 1785 1100 eve-

403 1125 510 1182 nit.
535 1121 806 1181 Lentulus
827 1118 1027 1179 consul
1046 1139 1227 1180 novas
1246 1119 1506 1201 legiones
1518 1117 1781 1182 ‘scribere

404 1199 578 1283 juffus
612 1224 634 1276 3
666 1200 878 1262 Villius
903 1199 1016 1258 aP.
1041 1197 1299 1280 Sulpicio
1336 1200 1657 1261 exercitum
1684 1203 1785 1261 a'c-

405 1284 598 1376 cipere
635 1303 652 1342 ι
691 1283 748 1340 in
777 1279 1241 1361 supplementum
1278 1275 1401 1359 ejus
1424 1324 1445 1353 ‚
1496 1297 1781 1362 quan-tum

405 1361 653 1423 muitum
694 1360 1025 1433 videretur,
1057 1376 1120 1418 ut
1150 1359 1456 1433 scriberet,
1500 1359 1605 1442 ipfi
1640 1383 1781 1442 per-

405 1439 654 1502 missum.
680 1440 914 1502 Praetori
947 1439 1150 1500 Baebio
1182 1439 1477 1522 legioneS,
1515 1461 1653 1520 quas
1697 1441 1775 1502 C.

407 1521 683 1584 Aurelius
713 1520 910 1582 consul
939 1517 1214 1580 habuisset
1243 1565 1263 1592 ‚
1298 1523 1376 1580 ita
1410 1520 1687 1595 decretae,
1710 1539 1779 1582 ut

407 1605 682 1664 retineret
699 1623 793 1663 eas
809 1645 829 1674 ,
847 1602 1034 1662 donec
1055 1599 1253 1660 consul
1272 1621 1435 1661 novo
1458 1621 1592 1662 cum
1610 1623 1778 1662 exer-

411 1686 532 1744 citu
570 1681 897 1743 succederet
937 1703 952 1741 :
987 1683 1049 1749 in
1076 1677 1329 1742 Galliam
1366 1681 1463 1740 ubi
1502 1682 1801 1757 is·venis-⁸

409 1763 495 1824 set
519 1807 538 1835 ‚
579 1783 781 1826 omnes
808 1762 1021 1823 milites
1052 1761 1393 1821 exauetorati
1421 1761 1662 1842 domum
1688 1764 1779 1824 di-

410 1847 773 1905 mitterentur
790 1887 811 1918 ,
827 1862 1037 1926 praeter
1056 1844 1306 1924 quinque
1322 1842 1500 1903 millia
1517 1841 1731 1905 socium
1751 1868 1770 1907 ε

409 1926 502 1986 his
521 1925 763 1985 obtineri
791 1927 938 1984 circa
968 1922 1297 1983 Ariminum
1317 1926 1677 2005 provinciam
1700 1924 1779 1985 sa·
1828 1950 1837 1958 ·

410 2007 488 2067 tis
509 2002 642 2065 effe.
661 2004 976 2086 Prorogato
992 2006 1237 2085 imperio
1260 2004 1597 2085 praetoribus
1612 2008 1775 2087 prio·

411 2089 492 2145 ris
518 2085 650 2144 anni
683 2083 840 2167 (Cn.
869 2082 1075 2167 Sergio
1089 2128 1112 2158 ,
1146 2100 1211 2143 ut
1236 2084 1507 2147 militibus
1527 2129 1551 2159 ,
1576 2087 1679 2167 qui
1710 2088 1775 2145 in

411 2162 528 2226 His
562 2166 686 2223 ania
707 2207 728 2238 ,
768 2162 998 2237 Sicilia,
1038 2162 1294 2225 Sardinia
1342 2163 1619 2245 stipendia
1665 2187 1772 2247 per

413 2187 630 2306 mulios
655 2264 836 2305 annos
857 2243 1110 2305 feciss'ent
1126 2288 1145 2317 ,
1170 2264 1365 2325 agrum
1387 2242 1773 2327 assignandum

414 2341 640 2387 curaret
669 2346 690 2399 3
721 2323 808 2404 Q.
849 2324 1112 2384 Minucio
1133 2370 1156 2396 ,
1180 2342 1242 2384 ut
1272 2326 1331 2383 in
1364 2324 1594 2385 Bruttiis
1614 2326 1773 2387 idem

415 2407 493 2467 de
525 2402 1014 2485 conjurationibus
1042 2402 1382 2487 quaestiones
1404 2449 1425 2480 ,
1456 2426 1594 2487 quas
1624 2428 1771 2487 prae-

415 2503 513 2555 tor
537 2507 668 2545 curn
703 2483 820 2547 fide
853 2506 1100 2569 curaque
1132 2482 1503 2560 exercuisset,
1526 2485 1771 2569 perfice-

414 2582 544 2638 ret,
573 2566 639 2625 &
663 2585 800 2638 eos,
829 2587 974 2647 quos
1019 2564 1290 2649 sacrilegii
1339 2584 1667 2649 compertos
1706 2570 1723 2626 i

408 2645 660 2707 'vinculis
683 2643 935 2705 Rumam
970 2643 1198 2706 misiss‘et
1218 2691 1237 2719 ,
1275 2645 1493 2707 Locros
1521 2649 1771 2708 mitteret

418 2726 492 2784 ad
523 2724 858 2805 supplicium
882 2769 902 2798 ,
932 2746 1173 2807 quaeque
1204 2722 1416 2787 sublata
1430 2745 1506 2787 ex
1525 2726 1769 2807 delubro

416 2803 768 2885 Proserpinae
812 2803 987 2867 effent
1005 2849 1026 2880 ,
1054 2807 1383 2886 reponenda
1409 2828 1542 2869 cum
1572 2810 1771 2889 piacu-

413 2884 493 2949 lis
530 2883 798 2969 curaret)
829 2884 985 2949 feriae
1026 2885 1237 2949 Latinae
1291 2886 1629 2971 pontificum
1662 2887 1770 2964 cle-2
1790 2888 1805 2897 ⁶
