2004 3691
416 313 550 400 140
800 309 874 378 T.
974 309 1397 378 ertr

190 440 387 480 a„
408 427 499 486 vit
514 421 706 486 castra.
718 421 1089 508 Transgresso
1103 425 1162 483 in
1173 421 1559 482 Phthioticum
1577 433 1804 502 agrum

192 494 391 592 ἷζε-Ψ·
492 507 707 589 ingenti
738 503 1022 586 Gortynii
1039 501 1402 565 Cretensium
1423 547 1442 576 ‚
1471 500 1626 562 duce
1659 495 1808 578 Cy·-

286 576 299 591 ⁰
324 564 391 604 ⁹⁷⁶
410 527 618 660 gnte,
650 587 717 646 &
746 589 989 647 trecenti
1025 582 1458 664 Apolloniatae,
1484 579 1646 642 haud
1679 575 1805 638 dis-

412 668 537 749 pari
575 682 791 726 armatu
815 709 835 739 ‚
865 665 922 727 se
943 662 1292 742 conjunxere
1315 686 1334 738 ;
1360 682 1467 722 nec
1489 663 1566 721 ita
1589 659 1805 720 multb

412 745 543 828 post
581 746 963 828 Amynander
1004 765 1138 806 cum
1172 742 1564 805 Athamanum
1609 739 1808 822 pedi-

412 829 537 887 tuin
570 827 833 888 ducentis
862 828 926 888 &
957 825 1137 886 mille.

498 906 603 968 lv.
639 906 927 989 Philippus
952 952 971 981 ‚
1010 903 1242 988 cognita
1294 903 1658 984 profectione
1710 903 1799 962 ab

416 985 600 1048 Elatia
631 987 1066 1059 Romanorum,
1110 1003 1172 1046 ut
1213 989 1303 1045 cui
1334 986 1407 1045 de
1435 984 1658 1044 summa
1703 1004 1806 1043 re-

418 1088 549 1128 rum
584 1065 797 1128 adesset
827 1084 1116 1128 certamen
1141 1111 1161 1141 ‚
1204 1065 1590 1128 adhortandos
1634 1065 1810 1125 mili-

419 1166 510 1209 tes
554 1164 739 1222 ratus,
770 1149 947 1210 multa
986 1144 1104 1226 jam
1150 1145 1220 1206 sae
1266 1167 1297 1206 e
1349 1161 1668 1206 memoram
1713 1145 1806 1208 de

422 1226 705 1306 majorum
723 1228 1024 1288 virtutibus
1039 1271 1058 1299 ‚
1079 1225 1222 1286 fimu
1263 1228 1336 1286 de
1361 1227 1584 1287 militari
1607 1227 1806 1288 laude

421 1308 819 1370 Macedonum
845 1329 1025 1390 quum
1057 1305 1382 1368 differuiffet
1404 1351 1423 1380 ‚
1448 1307 1520 1368 ad
1549 1327 1616 1367 ea
1737 1329 1802 1366 ae

422 1406 547 1448 tum
586 1389 831 1448 maxime
864 1390 1084 1448 animos
1116 1387 1438 1460 terrebant,
1466 1387 1642 1469 quibu
1673 1407 1808 1470 que

426 1471 571 1551 erigi
591 1470 663 1528 ad
686 1466 929 1550 aliquam
951 1466 980 1526 s
1017 1486 1110 1527 em
1131 1485 1398 1550 poterant
1415 1512 1434 1540 ‚
1457 1470 1638 1529 venit.
1667 1469 1808 1528 Ac-

425 1567 609 1631 ceptae
640 1550 711 1608 ad
732 1547 933 1610 Aoum
969 1490 1184 1609 gumen
1207 1550 1267 1606 in
1301 1547 1563 1630 angustiis
1597 1548 1804 1622 cladi',

424 1631 621 1690 territa
642 1629 1033 1690 Macedonum
1051 1627 1330 1710 phalange
1349 1674 1369 1703 ‚
1402 1629 1474 1688 ad
1505 1631 1800 1690 Atracem

428 1711 489 1772 vi
527 1708 718 1792 pulsos
743 1709 1040 1770 Romanos
1063 1710 1418 1790 opponebat.
1443 1711 1524 1768 Et
1539 1710 1660 1769 illic
1701 1727 1802 1769 ta·

430 1813 547 1853 men
582 1835 600 1866 ,
635 1793 728 1851 ubi
764 1789 981 1871 infiffls
996 1787 1196 1871 fhuces
1241 1792 1401 1871 Epiri
1437 1811 1545 1851 non
1583 1789 1808 1870 tenuis-*-

416 1870 579 1951 sent,
600 1874 830 1953 primam
862 1872 1078 1951 culpam
1101 1867 1198 1949 fin'
1240 1894 1267 1931 e
1305 1893 1478 1931 eorum
1500 1916 1521 1943 ,
1559 1872 1658 1950 qui
1689 1894 1803 1931 ne—

424 1952 507 2033 gli
541 1964 682 2011 enter
704 1953 971 2032 custodias
986 1950 1146 2027 firva
1192 1969 1280 2011 ent
1306 1973 1332 2024 ;
1355 1950 1650 2029 secundam
1667 1997 1693 2023 ‚
1729 1955 1798 2012 in·

428 2034 487 2112 ip
512 2054 545 2090 o
582 2034 864 2090 certamine
892 2073 911 2103 ,
944 2032 1088 2091 levis
1125 2049 1404 2091 amatura
1441 2033 1803 2093 mercenario-⁴

427 2132 644 2190 rumque
685 2111 933 2171 militum.
981 2114 1349 2171 Macedonum
1394 2113 1516 2173 νενὸ
1542 2113 1802 2200 phalan-

427 2212 543 2273 gem
561 2235 584 2262 ‚
620 2191 676 2251 6·
709 2208 838 2251 tunc
858 2188 1052 2273 stettsse
1066 2237 1090 2264 ‚
1125 2191 1181 2253 6·
1209 2192 1328 2251 loco
1366 2212 1516 2271 aequo
1535 2194 1802 2273 Justd‘que

264 2302 407 2353 copi,-
425 2269 1147 2417 {ugndfilmperlmanfitlr‘am
1171 2273 1444 2410 “ffimam·
1467 2271 1700 2412 {ecem
1729 2276 1803 2335 δι’.

210 2365 293 2411 '⁸1⁷⁸
316 2366 361 2389 “·
459 2373 529 2413 ex
562 2355 639 2412 mi
688 2354 737 2411 'a
756 2354 833 2411 mi
858 2354 999 2411 itum
1075 2372 1156 2411 aec
1205 2372 1341 2411 uere
1412 2373 1476 2413 ro
1520 2374 1586 2412 ur
1611 2374 1800 2415 omne

209 2412 398 2489 zum..
432 2434 641 2495 virium
663 2477 682 2506 ,
716 2434 781 2495 &
813 2435 993 2515 regni.
1031 2431 1129 2492 Ad
1171 2432 1286 2492 hoc
1316 2395 1433 2492 ‹11’10
1473 2432 1652 2492 mima
1685 2454 1802 2495 ce-

431 2530 747 2583 tratorum,
819 2534 925 2575 uos
960 2510 1224 2593 peltastas
1258 2533 1328 2594 ap
1374 2513 1574 2585 ellant,
1598 2512 1802 2574 Thra-

431 2612 678 2673 cumque
708 2593 772 2653 &
834 2593 1134 2673 llyriorum
1164 2534 1414 2674 (Trallis
1451 2598 1666 2653 nomen
1709 2593 1800 2656 est

430 2669 637 2754 genti)
673 2692 773 2751 par
810 2692 1077 2732 numerus
1111 2672 1246 2731 bina
1278 2672 1452 2733 millia
1485 2690 1683 2746 erant,
1729 2678 1802 2737 δι

433 2753 595 2811 mixti
640 2771 712 2810 ex
784 2751 998 2813 Iuribus
1045 2753 1307 2833 gentibus
1341 2752 1612 2813 mercede
1651 2754 1805 2813 con}-

433 2830 586 2893 ducii
612 2833 739 2891 auxi
762 2834 906 2895 iares
935 2832 1096 2892 mille
1125 2831 1339 2904 ferme,
1371 2834 1433 2893 &
1463 2832 1578 2891 duo
1611 2836 1804 2897 millia

434 2915 707 3001 equitum.
741 2911 893 2982 Cum
912 2914 979 2981 iis
1002 2914 1186 3001 copiis
1225 2934 1328 2981 rex
1359 2910 1585 2993 hostem
1617 2936 1814 3004 oppa:
