2004 3691
439 214 538 298 '¹4
833 210 1429 283 T.L1r11

224 332 420 385 ὃτι-..ὸ
441 342 518 385 ne
545 322 684 405 quid
749 328 1233 388 raetermitteremr
1252 370 1273 402 ‚
1304 323 1464 411 quod
1494 322 1813 407 aliquando

228 404 407 497 ⁰3·ss
445 402 656 464 faaum
751 407 1037 481 et,ludos
1055 406 1190 469 Jovi
1212 409 1545 488 donumque
1578 425 1813 468 vovere

223 464 264 509 Ψ
307 481 323 497 ”
407 481 422 496 “
445 484 736 547 consulem
757 532 778 558 ,
811 489 904 549 cui
979 490 1241 551 rovincia
1274 487 1625 548 Macedonia
1662 504 1813 547 eve-

443 563 644 641 nisset,
675 564 845 647 juffit.
881 510 1114 631 hssram
1180 585 1327 630 voto
1375 567 1613 649 publico
1654 566 1815 627 Lici-

446 647 576 707 nius
609 646 871 730 pontifex
911 650 1193 709 maximus
1232 650 1419 709 attulit
1442 691 1463 720 ,
1498 648 1601 728 qui
1638 666 1821 729 nega·-

448 729 536 787 vit
569 749 639 787 ex
669 731 868 789 incerta
887 732 1125 809 pecunia
1164 751 1356 789 vovere
1388 730 1565 787 debere
1582 770 1606 797 ,
1644 728 1704 805 fi
1740 748 1808 785 ea

439 810 680 887 pecunia
707 830 818 869 non
843 806 1015 889 poffit
1046 812 1107 870 in
1143 810 1339 869 bellum
1376 807 1498 887 ufiti
1538 804 1657 887 effe.
1694 810 1815 867 Re-

440 890 581 968 poni
599 891 784 969 statim
817 890 993 949 dehere
1028 934 1051 961 ,
1098 912 1197 950 nec
1232 908 1351 949 cum
1406 890 1527 947 alia
1570 888 1815 968 pecunia

451 967 652 1047 unffi-eri
687 991 705 1029 .·
737 972 888 1050 quod
917 972 978 1030 ni
1039 967 1249 1049 fhffum
1292 967 1415 1048 effet
1430 1013 1453 1040 ‚
1486 984 1673 1027 votum
1716 969 1817 1026 rite

439 1045 593 1127 jblvi
620 1071 732 1111 non
761 1048 924 1129 poffi.
947 972 1323 1132 guamquam
1359 1050 1425 1111 &
1446 1067 1536 1107 res
1551 1092 1572 1122 ‚
1596 1049 1662 1109 ὃ(
1682 1068 1819 1107 auc·

451 1146 546 1189 tor
580 1130 860 1191 movebat
887 1150 907 1202 ;
941 1145 1131 1189 tamen
1162 1129 1239 1189 ad
1270 1129 1581 1210 collegium
1618 1130 1823 1207 ponti-

452 1206 629 1268 ficum
667 1206 878 1269 referre
900 1208 1099 1269 consul
1128 1207 1332 1289 juffus,
1368 1208 1411 1267 fi
1452 1206 1637 1289 poffet
1657 1206 1817 1267 recle

453 1306 658 1351 votum
675 1292 902 1349 incertae
930 1292 1187 1370 pecuniae
1216 1289 1415 1371 suscipi
1434 1312 1448 1350 :
1474 1287 1634 1370 pofl'e
1647 1332 1669 1361 ‚
1686 1309 1825 1348 rec-

453 1366 674 1450 tiusque
696 1372 870 1430 etiam
901 1368 1015 1431 effe
1035 1414 1055 1443 ,
1077 1368 1378 1451 pontifices
1408 1371 1823 1431 decreverunt.

455 1447 643 1511 Vovit
688 1452 748 1509 in
785 1450 988 1511 eadem
1032 1450 1213 1513 verba
1261 1448 1498 1521 consul,
1518 1466 1821 1531 praeeunte

453 1531 712 1591 maximo
744 1530 1052 1611 pontifice,
1076 1532 1281 1611 quibus
1300 1549 1469 1591 antea
1496 1531 1823 1611 quinquen-

455 1609 604 1671 mlia
620 1627 762 1672 vota
797 1609 997 1691 suscipi
1029 1610 1191 1671 solita
1220 1628 1377 1671 erant
1395 1632 1414 1684 ς
1435 1626 1823 1691 praeterquam

537 1690 617 1751 bd
647 1690 804 1753 tant-⁵2
832 1691 1107 1773 pecunia,
1138 1708 1405 1773 quantam
1433 1709 1592 1763 tum,
1633 1710 1819 1771 quum

479 1772 811 1848 olveretur,
846 1770 1067 1831 senatus
1115 1769 1447 1845 censuisset,
1488 1769 1657 1829 ludos
1705 1769 1825 1829 do·-

453 1875 641 1936 naque
691 1851 966 1912 faEiurum
1022 1854 1209 1914 vovit.
1264 1852 1473 1914 Toties
1510 1852 1641 1912 ante
1695 1851 1825 1910 ludi

453 1931 657 2028 Magni
683 1933 756 1993 de
776 1949 930 1994 certa
943 1935 1185 2015 pecunia
1203 1934 1327 1998 voti
1347 1947 1508 1993 erant
1529 1954 1549 2006 3
1569 1933 1611 1992 ii
1642 1932 1825 2012 primi

452 2015 530 2076 de
557 2031 794 2075 mcerta.

535 2093 611 2154 X.
645 2093 928 2156 Omnium
959 2096 1163 2158 animis
1186 2096 1245 2154 in
1280 2095 1501 2156 bellum
1530 2091 1829 2153 Macedo-

454 2177 650 2236 nicum
679 2175 856 2238 verfis
875 2219 894 2248 ‚
917 2179 1156 2258 repente
1180 2175 1318 2236 nihil
1356 2177 1543 2234 minus
1566 2193 1641 2233 eo
1660 2190 1823 2254 cem-³

257 2293 434 2334 mmm
459 2278 604 2341 pore
652 2257 979 2316 timentibus
1009 2301 1028 2329 ‚
1078 2257 1287 2318 Gallici
1340 2255 1615 2316 tumultfis
1666 2252 1825 2318 fama

241 2347 442 2432 ‘guma
464 2356 664 2400 exorta
701 2335 800 2398 est.
851 2336 1155 2412 Insubres,
1200 2333 1637 2414 Cenomanique
1666 2377 1693 2405 ‚
1752 2335 1823 2394 &

239 2408 434 2483 2032„
459 2419 630 2492 Boii,
672 2420 866 2478 excitis
898 2416 1089 2498 Salyis
1112 2463 1133 2492 ‚
1166 2414 1553 2496 Ilvatibusque
1575 2457 1594 2488 ‚
1630 2415 1696 2476 δι
1730 2434 1829 2474 ce-

457 2501 592 2559 teris
633 2496 932 2580 Ligustinis
978 2498 1209 2579 populis
1238 2541 1259 2566 ‚
1292 2495 1583 2556 Amilcare
1630 2493 1825 2554 Poeno

461 2579 608 2639 duce
627 2622 646 2650 ,
676 2580 780 2660 qui.
811 2579 869 2636 in
903 2580 972 2637 iis
1007 2578 1151 2640 locis
1188 2577 1259 2636 de
1290 2574 1625 2636 Asdrubalis
1654 2595 1826 2634 exer·-

463 2662 579 2718 citu
612 2656 922 2718 substiterat
941 2701 960 2730 ,
979 2657 1320 2718 Placentiam
1341 2654 1662 2716 invaserant
1680 2677 1701 2727 ;
1722 2657 1785 2716 &
1802 2697 1825 2728 ,

467 2741 689 2820 direpta
721 2739 863 2798 urbe
885 2784 906 2812 ‚
927 2761 988 2797 ac
1022 2760 1125 2818 per
1154 2740 1297 2797 iram
1323 2757 1417 2799 ma
1456 2757 1527 2794 na
1566 2755 1639 2794 ex
1658 2751 1826 2814 parte

462 2820 694 2907 {¹¹⁶²OEss
715 2863 735 2895 2
759 2821 860 2886 vix
887 2819 1111 2886 duobus
1133 2819 1386 2886 millibus
1456 2817 1719 2882 ominum
1740 2816 1831 2892 inq
