2004 3691
371 299 730 370 ιιΒειι
830 301 1277 370 XXXIV.
1370 321 1507 394 209

133 405 274 487 fietis
309 413 508 474 diffum
542 437 643 496 pm
677 434 899 496 utraque
918 435 1075 496 pane
1112 419 1459 497 existimarem
1475 459 1502 488 ,
1530 437 1729 476 ,οε-...εει

149 494 348 552 tacitus
372 492 636 578 fitfflagia
674 499 838 578 vestra
874 495 1237 576 exspeelaffim
1272 519 1289 558 :
1319 518 1463 556 nunc
1483 539 1507 568 ,
1528 499 1721 590 fies-5¹5⁷

154 593 310 650 quum
331 579 421 634 vir
437 577 770 658 graviffi'mus
789 575 978 654 consul
993 581 1082 638 M.
1107 577 1338 638 Porcius
1354 619 1375 649 ,
1396 599 1509 636 non
1551 576 1563 589 ⁸
1618 574 1631 590 ”
1660 556 1728 598 ⁹⁵⁸
1762 619 1767 622 -

155 657 464 734 auctoritate
478 655 662 734 sblitm
685 702 706 730 ,
745 679 859 736 quoe
885 661 1058 717 tacita
1081 655 1227 735 satis
1260 658 1513 717 momenti

155 732 413 812 habueffet
432 779 451 808 ‚
468 735 572 814 fid
608 739 846 796 oratione
881 741 1045 796 etiam
1074 739 1237 818 longai
1270 739 1323 797 6³
1354 741 1515 798 accu-

160 813 277 871 rata'
313 814 597 894 infestatus
617 819 694 897 fit
734 820 1057 898 rogationem
1093 820 1317 900 nostram
1355 839 1383 889 ;
1420 839 1514 877 ne-

163 891 348 971 ceffum
371 899 440 978 est
460 900 663 978 paucis
680 897 976 978 respondere
1000 919 1019 957 .·
1040 901 1136 978 qui
1158 915 1335 958 tamen
1348 898 1515 977 plura
1544 895 1551 900 ’

161 973 316 1032 verba
346 977 406 1034 in
440 979 767 1058 castigandis
800 980 1058 1038 matronis
1076 1022 1099 1049 ,
1137 979 1297 1057 queim
1336 979 1393 1036 in
1430 999 1518 1036 ro-

155 1055 370 1133 gatione
383 1059 556 1138 nostra
573 1053 926 1133 diffundenda
948 1056 1265 1137 consumpsit
1277 1079 1303 1129 ,⁰
1321 1057 1377 1116 6·
1397 1059 1515 1135 qui-

161 1135 272 1192 dem
293 1179 314 1205 ,
353 1155 416 1195 ut
447 1139 506 1196 in
540 1139 701 1196 dubio
722 1156 974 1219 poneret,
1011 1156 1183 1198 utrum
1217 1140 1281 1197 id
1304 1180 1324 1210 ,
1368 1139 1518 1216 quod

160 1217 534 1294 reprehenderet
551 1261 570 1291 ,
594 1236 846 1277 matrona
866 1215 978 1296 fica*
994 1217 1187 1299 sponte
1210 1263 1233 1291 ‚
1260 1240 1335 1278 an
1358 1218 1519 1278 nobis

165 1297 460 1355 aucloribus
493 1343 518 1371 ,
551 1295 814 1376 feciffint.
859 1301 992 1358 Rem
1043 1297 1322 1378 defendam
1347 1342 1370 1369 ,
1402 1319 1517 1358 non

165 1395 260 1433 nos
284 1397 310 1448 ,·
347 1379 408 1436 in
440 1399 575 1456 quos
603 1374 744 1457 jecit
773 1380 948 1460 magis
991 1379 1093 1438 hoc
1138 1377 1327 1456 confit!
1358 1378 1512 1438 verbo

165 1470 314 1514 tenus
332 1501 355 1528 ,
392 1457 552 1536 quam
571 1475 633 1516 ut
661 1479 712 1516 re
743 1458 1083 1538 infimularet.
1110 1459 1337 1530 Coetum,
1367 1455 1517 1535 &se-

167 1537 394 1596 ditiones
409 1582 430 1608 ‚
467 1537 523 1596 G·
562 1539 822 1597 interdum
841 1537 1173 1617 seceffi'onem
1216 1539 1517 1598 muliebrem

169 1618 469 1696 appellavit
489 1662 512 1689 ,
558 1619 707 1700 quad
748 1637 998 1679 matronoe
1050 1621 1108 1678 in
1151 1619 1369 1698 publico
1416 1638 1519 1677 vos

167 1697 421 1777 rogaffent
435 1744 457 1770 ,
487 1715 550 1758 ut
588 1699 750 1781 legem
795 1704 854 1758 in
876 1698 940 1778 Je
982 1700 1153 1758 latam
1186 1719 1286 1779 per
1324 1697 1521 1756 bellum

170 1780 481 1860 temporibus
498 1781 648 1845 duris
659 1824 682 1853 ,
709 1781 766 1840 in
782 1801 922 1861 pace
945 1780 1002 1840 6·
1020 1783 1248 1861 florente
1272 1799 1339 1838 ac
1358 1777 1523 1836 beatci

169 1860 433 1937 republica*
459 1906 478 1934 ‚
517 1862 858 1943 abrogaretis.
903 1862 1075 1922 Verba
1119 1880 1319 1941 magna
1346 1903 1371 1929 ,
1406 1878 1525 1937 quae

172 1942 241 1999 rei
277 1944 532 2020 augenda
571 1942 744 2001 causa*
771 1943 1186 2019 conquirantur,
1218 1940 1272 2000 6·
1301 1940 1408 1999 ltaec
1419 1983 1441 2010 ,
1470 1937 1526 1999 ὃ·

175 2020 286 2078 alia
315 2020 412 2099 effi
437 2019 556 2098 scio
574 2042 602 2093 ,·
640 2020 694 2080 e>
723 2024 814 2081 Μ.
842 2022 1093 2081 Catonem
1128 2038 1381 2080 oratorem
1412 2040 1528 2079 non

164 2096 340 2177 scvlicm
375 2122 590 2194 gravem
607 2146 632 2172 ,
654 2099 760 2179 sed
794 2103 1053 2161 interdum
1086 2104 1247 2161 etiam
1281 2119 1478 2159 trucem·
1499 2144 1529 2171 ,

181 2178 272 2256 ff
299 2179 507 2259 scimus
550 2202 730 2240 omnes
751 2225 776 2253 ,
805 2202 964 2260 quum
1014 2183 1225 2262 ingenio
1247 2182 1322 2258 fit
1358 2182 1543 2241 mitis.‘

179 2264 326 2321 Nam
397 2263 498 2320 uid
537 2265 753 2322 tandem
793 2263 926 2321 novi
965 2280 1217 2321 matrona
1242 2255 1485 2338 ficerunt
1501 2270 1541 2332 ‚'

181 2342 321 2420 qubd
404 2359 647 2421 equentes
683 2344 741 2401 in
772 2340 938 2421 causti
967 2338 1121 2417 adse
1144 2342 1438 2421 pertinente
1468 2341 1541 2398 in*

173 2423 440 2503 publicum
468 2419 820 2501 pro'ceffirunt
846 2422 880 2479 ?
915 2424 1236 2499 Numquam
1267 2436 1392 2477 ante
1429 2419 1535 2483 hoc

181 2518 381 2583 tempus
403 2503 460 2561 in
489 2503 717 2581 publico
744 2517 1103 2581 apparuerunt
1120 2502 1152 2559 ?
1176 2502 1324 2560 Tuas
1342 2500 1533 2559 adver-a

183 2582 276 2642 sies
319 2601 370 2641 te
415 2584 664 2663 Origines
703 2581 991 2640 revolvam.
1024 2580 1235 2660 Accipe
1260 2624 1281 2653 ‚
1323 2574 1543 2658 quoties'

183 2663 243 2722 id
262 2661 488 2743 fecerint
501 2706 521 2735 ‚
555 2663 611 2722 fi·
652 2663 860 2743 quidem
881 2659 1089 2740 semper
1120 2661 1260 2720 bono
1286 2658 1539 2739 publico„

185 2744 307 2807 Iam
342 2765 380 2805 a
409 2744 714 2821 principio,
747 2759 988 2824 regnante
1025 2740 1256 2801 Romulo
1278 2783 1305 2810 ,
1334 2759 1536 2816 quum,

188 2824 451 2901 Capitolio
488 2823 558 2880 ab
592 2823 820 2886 Sabinis
858 2838 1019 2901 capto
1038 2865 1063 2894 ,
1105 2821 1280 2879 medio
1316 2818 1375 2877 in
1402 2814 1543 2895 fhm'

171 2905 335 2988 signis
373 2904 592 2966 collatis
633 2904 1008 2978 dimicaretur,
1038 2922 1217 2967 nonne
1252 2894 1541 2977 intercursu
