2004 3691
407 287 787 362 'LIBER
887 287 1255 360 XXXI.
1422 285 1521 390 λς

136 400 254 466 'ciis
263 407 488 487 pendere
506 429 668 486 quum
692 405 1034 489 coegiffemus
1054 452 1073 481 ‚
1098 408 1269 466 urbem
1288 451 1307 480 ,
1325 424 1483 489 agros
1494 419 1519 479 ,'
1539 421 1737 475 ἀ

125 484 348 568 suaque
381 487 568 547 omnia
603 510 722 548 cum
757 491 996 548 libertate
1036 485 1336 570 legibusque
1370 490 1521 548 Rhe-
1540 498 1735 548 (Le-55²·

138 568 298 648 ginis
331 570 656 628 reddidimus
690 572 724 629 ?
759 567 1127 650 Syracusanis
1167 589 1236 649 op
1275 569 1409 648 reffis
1449 569 1520 626 ab
1540 548 1735 590 0³⁸²*

145 650 390 707 extemis
414 651 666 730 tyrannis
687 693 708 721 ,
739 652 845 728 quo
878 651 1156 731 indignius
1178 672 1204 706 e
1250 667 1337 721 et,
1360 669 1523 729 quum

149 726 456 807 tuliffemus
490 751 640 810 opem
669 751 696 802 ;
730 729 784 789 δ’
803 727 1039 812 fatigati
1066 731 1231 810 prope·
1248 750 1345 809 per
1368 732 1528 790 trien-

148 809 307 868 nium
347 811 482 869 terra*
515 813 752 890 marique
805 813 928 870 urbe
968 811 1309 888 munitiffi'ma'
1358 833 1429 891 op
1466 831 1530 871 u-

147 891 384 971 gnanda'
413 888 630 970 effemus
651 935 674 962 ‚
706 913 868 971 quum
896 889 1022 972 jam
1062 892 1166 972 ipsi
1193 833 1533 973 Syracusgni

137 973 347 1048 servire
377 974 628 1053 tyrannis
641 1015 662 1043 ,
694 973 857 1051 quam
881 975 1009 1052 capi
1027 995 1065 1031 a
1085 973 1241 1031 nobis
1270 973 1495 1032 mallent
1507 988 1537 1046 ,'

157 1069 382 1131 captam
417 1049 600 1129 iisdem
641 1055 807 1112 armis
843 1053 900 1112 6·
926 1053 1207 1112 liberatam
1228 1054 1401 1112 urbem
1425 1055 1539 1110 red-

159 1134 425 1192 didimus.
446 1135 639 1212 Neque
671 1134 892 1212 inficias
913 1135 1057 1192 imus
1082 1177 1102 1205 ,
1137 1135 1390 1192 Siciliam
1405 1149 1539 1213 pro-

159 1213 410 1273 vinciam
451 1217 677 1295 nostram
711 1212 806 1293 ff
828 1258 848 1287 ,
890 1214 946 1272 6·
983 1216 1271 1285 civitates,
1316 1234 1433 1294 quoe
1477 1215 1539 1273 in

157 1310 322 1374 parte
356 1295 861 1375 Carthaginiensium
883 1293 1143 1374 fuerunt,
1166 1293 1220 1353 δ’
1262 1315 1370 1354 uno
1415 1297 1539 1354 ani-

169 1395 265 1433 mo
290 1395 414 1432 cum
445 1375 560 1433 illis
598 1374 860 1434 adversus
891 1396 995 1435 nos
1027 1375 1223 1434 bellum
1287 1370 1547 1452 ffrunt,¹

157 1455 551 1536 stipendiarias
583 1457 744 1514 nobis
782 1477 851 1514 ac
887 1456 1171 1536 vestigales
1218 1395 1315 1533 ff}
1342 1477 1361 1515 .·
1408 1458 1541 1536 quin

170 1536 366 1594 eontrd
387 1579 410 1606 ,
449 1537 549 1595 hoc
569 1536 625 1594 G·
655 1559 758 1596 vos
781 1536 838 1595 6·
874 1557 1055 1596 omnes
1076 1553 1257 1617 gentes
1281 1535 1421 1615 fiire
1446 1559 1543 1597 vo-

169 1616 359 1675 lumus
378 1660 398 1690 ‚
411 1637 512 1697 pro
548 1619 728 1676 merito
757 1619 949 1697 cuique
982 1638 1104 1700 erga
1133 1639 1236 1676 nos
1259 1615 1547 1697 fhrtunam

177 1695 300 1776 effi.
335 1699 437 1757 An
463 1698 854 1778 Campanorum
937 1719 1062 1756 oenoe
1083 1743 1102 1771 ‚
1133 1699 1197 1755 de
1233 1719 1341 1777 qua
1380 1719 1548 1777 neque

176 1778 291 1859 ipsi
333 1779 544 1858 quidem
590 1781 736 1859 queri
780 1800 856 1861 po
903 1795 1036 1850 unt,
1078 1799 1182 1838 nos
1208 1780 1469 1859 poeniteat
1513 1780 1554 1837 ?

175 1862 273 1922 Hi
313 1861 555 1919 homines
570 1903 593 1930 ,
628 1882 792 1941 quum
821 1882 922 1941 pro
961 1862 1036 1919 iis
1064 1861 1258 1919 bellum
1288 1858 1553 1919 adversus

181 1942 468 2001 Samnites
495 1961 599 2019 per
634 1963 814 2000 annos
849 1942 1017 2022 prop&
1044 1937 1388 2022 septuaginta
1430 1962 1555 2000 cum

184 2024 406 2102 magnis
434 2022 624 2102 nostris
653 2022 902 2081 cladibus
915 2017 1228 2103 geffiffemus
1245 2066 1268 2093 ,
1292 2018 1437 2100 ipsos
1445 2018 1555 2100 foe-

187 2105 314 2161 dere
336 2102 566 2181 primum
579 2144 599 2173 ,
643 2103 831 2162 deinde
876 2102 1143 2162 connubio
1164 2147 1187 2174 ‚
1230 2118 1391 2181 atque
1430 2104 1557 2161 inde

189 2182 608 2263 cognationibus
626 2226 649 2253 ,
673 2182 932 2264 postremo
973 2183 1199 2243 civitate
1227 2184 1387 2243 nobis
1427 2204 1559 2243 con-

174 2260 552 2345 junxiffimus
567 2308 590 2335 ,
633 2270 862 2344 tempore
906 2264 1077 2344 nostro
1131 2262 1349 2341 adverso
1396 2264 1565 2344 primi

195 2346 438 2403 omnium
483 2344 665 2405 Italiae
701 2344 1025 2426 populorum
1046 2388 1066 2416 ‚
1103 2345 1341 2423 proefidio
1390 2345 1564 2421 nostro

184 2422 341 2506 foede'
379 2422 642 2505 intefiblo
664 2468 687 2495 ,
729 2427 810 2485 ad
839 2420 1175 2484 Annibalem
1220 2421 1517 2502 deficerunt
1543 2442 1565 2483 τ

198 2507 394 2565 deinde
412 2548 433 2578 ,
468 2507 741 2587 indignati
772 2503 835 2583 se
877 2504 1095 2583 obsideri
1131 2525 1169 2561 a
1204 2505 1364 2563 nobis
1377 2549 1400 2576 ,
1433 2505 1570 2563 An-

201 2586 445 2647 nibalem
503 2588 586 2648 ad
644 2586 1061 2667 oppugnandam
1122 2587 1351 2644 Romam
1415 2582 1569 2662 mise-

206 2682 354 2727 runt.
381 2669 594 2726 Horum
621 2668 680 2744 fi
703 2688 869 2745 neque
898 2666 1020 2724 urbs
1041 2661 1191 2745 ipsa,
1223 2686 1392 2745 neque
1413 2668 1571 2725 homo

207 2744 494 2829 quisquam
556 2746 797 2828 uperfft
823 2786 843 2815 ,
876 2747 1000 2825 quis
1032 2745 1254 2820 durius,
1276 2746 1437 2824 qucim
1466 2766 1571 2827 pro

211 2829 395 2887 merito
433 2829 490 2907 ip
516 2849 662 2887 orum
683 2870 703 2899 ,
727 2829 990 2909 statutum
1024 2826 1297 2908 indignari
1322 2824 1495 2907 poffit
1535 2828 1575 2893 ἓ,
1640 2840 1659 2853 ·

209 2908 406 2975 Plures
428 2909 642 2991 fibimet
673 2909 779 2994 ilfi
805 2904 1129 2987 confiientid
1147 2904 1403 2987 [helenam
1439 2928 1575 2968 mon-s
