2004 3691
584 253 956 328 Lmen
1054 253 1410 326 XXXI.
1594 272 1673 354 15

311 377 408 430 ier
423 369 686 432 incendia
703 371 997 454 ruinasque
1020 371 1257 446 relistis,
1271 370 1505 453 trajeeto
1521 370 1679 434 Pado
1708 383 1897 436 ,εξ-ει

315 450 392 509 ad
423 449 777 514 Cremonam
812 453 1195 536 diripiendam
1233 471 1491 536 pergunt.
1518 453 1683 513 Vici·
1700 454 1895 544 Pet-gg·

313 549 407 589 nae
429 532 584 592 urbis
619 535 812 594 audita
846 536 1037 594 clades
1060 533 1298 616 spatium
1321 535 1543 594 colonis
1577 533 1675 595 de·
1720 529 1737 546 '
1778 531 1789 543 '
1880 525 1898 553 ³

316 610 402 670 dit
425 612 499 671 ad
531 614 872 675 claudendas
906 632 1139 697 portas,
1216 613 1543 696 raesidiaque
1567 635 1673 696 per

313 711 514 752 muros
545 692 933 776 disponenda,
962 713 1025 756 ut
1060 696 1138 756 ob
1164 696 1451 756 iderentur
1478 712 1672 756 tamen

313 773 503 852 prius„
517 775 690 856 quium
706 793 1183 859 expugnarentur,
1198 775 1535 858 nuntiosque
1552 778 1676 836 mit·

315 867 506 913 terent
542 856 616 915 ad
645 874 951 938 praetorem
985 857 1331 918 Romanum.
1370 855 1435 918 L.
1473 855 1677 918 Furius

312 930 608 1015 Purpureo
643 953 769 997 tum
797 939 1111 1017 provinciae
1142 953 1381 1018 praeerat
1415 959 1429 996 :
1476 953 1671 998 cetero

311 1033 388 1073 ex
425 1015 902 1080 senatusconsulto
940 1019 1192 1078 exercitu
1229 1014 1449 1076 dimiffo
1474 1060 1493 1088 ‚
1530 1038 1675 1097 prae-

315 1110 405 1154 ter
439 1099 690 1178 quinque
726 1097 900 1159 millia
935 1097 1159 1160 socium·
1188 1118 1253 1157 ac
1276 1097 1461 1156 Latini
1485 1099 1675 1156 nomi-

315 1177 450 1248 nis,
485 1199 618 1236 cum
662 1181 730 1238 iis
784 1179 967 1260 copiis
1018 1180 1079 1237 in
1124 1179 1387 1258 proxima
1433 1177 1672 1259 regione

311 1259 630 1338 provinciae
675 1262 822 1319 circa
857 1258 1185 1320 Ariminum
1234 1255 1565 1339 substiterat.
1614 1255 1675 1318 Is

312 1353 438 1396 tum
471 1337 683 1398 senatui
711 1337 924 1421 scripsit
948 1385 966 1416 ‚
1002 1361 1121 1422 quo
1161 1340 1219 1398 in
1249 1338 1491 1399 tumultu
1532 1358 1673 1420 pro-

313 1419 504 1480 vincia
539 1417 690 1480 effet.
729 1423 985 1480 Duarum
1017 1421 1347 1480 coloniarum
1371 1464 1391 1493 ,
1420 1439 1538 1499 quae
1582 1421 1673 1479 1⁰72-

303 1518 512 1580 gemem
545 1501 698 1560 illam
729 1504 1073 1582 tempestatem
1094 1502 1293 1560 Punici
1316 1501 1447 1560 belli
1466 1498 1673 1578 fitbtet·

293 1578 561 1659 fhgffnt
576 1627 598 1652 ,
617 1583 842 1641 alteram
858 1601 1072 1664 captam
1092 1603 1161 1640 ac
1182 1583 1436 1661 direptam
1456 1582 1531 1639 ab
1555 1578 1675 1658 hos-

307 1661 457 1720 tibus
478 1705 499 1734 ,
537 1664 758 1722 alteram
811 1663 1123 1744 oppugnari.
1158 1664 1279 1720 Nec
1324 1663 1384 1720 in
1443 1664 1673 1720 exercitu

299 1738 406 1820 fico
427 1738 574 1819 finis
595 1744 830 1822 proefidii
860 1744 1071 1803 colonis
1100 1741 1471 1800 laborantibus
1504 1739 1674 1820 fore„

311 1822 421 1900 nist
443 1825 675 1903 quinque
708 1824 888 1883 millia
908 1821 1121 1901 fhcizim
1158 1823 1515 1903 quadraginta
1547 1823 1674 1881 mil-

310 1904 456 1963 libus
487 1906 711 1985 hostium
751 1900 880 1985 (tot
908 1907 1047 1965 enim
1085 1906 1145 1963 in
1175 1904 1339 1963 annis
1368 1926 1395 1960 e
1440 1900 1513 1983 e)
1557 1920 1674 1962 tru-

308 1986 552 2043 cidanda
593 1981 809 2064 objicere
853 1987 1025 2057 velit,
1063 1984 1118 2046 6³
1166 1984 1326 2043 tamti
1399 1984 1475 2042 uti
1519 1984 1675 2043 clade

301 2062 427 2144 jam
459 2067 691 2144 inflatos
716 2065 930 2125 excidio
952 2066 1175 2126 colonia
1203 2066 1463 2125 Romana
1486 2084 1681 2147 augere

309 2146 534 2225 hostium
572 2148 801 2206 animos.
1503 2196 1511 2203 .

317 2278 328 2285 .
393 2222 501 2285 XI.
531 2225 640 2285 His
673 2225 866 2285 litteris
889 2226 1137 2287 recitatis
1160 2224 1545 2288 decreverunt
1564 2271 1583 2299 ‚
1607 2242 1675 2286 ut

309 2303 390 2365 C.
413 2303 682 2366 Aurelius
705 2304 902 2366 consul
936 2308 1242 2367 exercitum
1260 2351 1279 2379 ‚
1303 2310 1394 2366 cui
1415 2308 1473 2363 in
1501 2304 1673 2365 Etru-

314 2388 456 2447 riam
479 2386 551 2444 ad
575 2386 1043 2446 conveniendum
1063 2387 1219 2445 diem
1241 2384 1521 2457 edixerat,
1546 2382 1675 2444 Ari-

314 2466 456 2525 mini
511 2466 715 2526 eadem
767 2466 861 2525 die
915 2463 1099 2525 adess'e
1150 2464 1375 2545 juberet
1396 2507 1415 2535 ,
1464 2466 1528 2525 &
1574 2482 1670 2523 aut

312 2546 333 2625 ξ
378 2544 470 2619 se,
501 2545 541 2605 fi
582 2566 686 2629 per
739 2546 1115 2607 commodum
1162 2545 1487 2627 reipublicae
1535 2543 1670 2627 pos-

310 2568 432 2701 ἐι,
461 2627 532 2685 ad
567 2626 1015 2707 opprimendum
1036 2624 1325 2687 Gallicum
1362 2624 1671 2685 tumultum

355 2704 764 2768 toficisceretnr
794 2724 927 2781 ;aut
957 2706 1025 2767 L.
1057 2706 1229 2767 Furio
1268 2707 1497 2787 praetori
1535 2703 1671 2763 scri-
1706 2720 1712 2724 ·

306 2729 472 2846 geret
490 2832 509 2860 ‚
544 2803 642 2860 ut,
661 2808 840 2869 quum
863 2787 938 2847 ad
971 2807 1103 2847 eum
1128 2786 1383 2867 legiones
1410 2805 1480 2844 ex
1500 2783 1669 2843 Etru-

305 2870 390 2947 ria
409 2864 691 2933 venissent
706 2910 730 2945 ‚
753 2864 927 2933 miffis
959 2868 1022 2929 in
1054 2868 1245 2932 vicem
1280 2886 1475 2929 earum
1498 2866 1667 2947 quin-3
