2004 3691
356 308 492 381 268
747 305 822 377 T.
925 307 1352 375 Ltrtt

139 461 330 492 εει-ε.
353 423 598 486 tuissent.
641 419 807 483 Mille
845 424 1004 483 enim
1060 420 1344 481 ducentos
1391 417 1461 482 ea
1510 419 1745 482 ratione

141 516 329 568 tle-558·
355 506 575 568 Achaia
605 502 821 562 habuit.
855 502 1069 581 Adjice
1096 522 1250 562 nunc
1283 522 1389 584 pro
1423 505 1745 583 portione,

133 573 176 604 ⁸*
191 565 335 616 0⁰¹⁹*
355 603 500 669 quot
519 582 824 645 verisimile
857 582 927 644 sit
943 600 1128 644 totam
1145 581 1436 643 Graeciam
1461 579 1742 644 habuiffe.

436 664 535 727 LI.
568 664 852 724 Nondum
901 680 1221 724 conventus
1264 661 1519 724 dimissus
1570 681 1693 723 erat
1714 708 1738 739 ,

357 767 539 828 quum
590 743 892 825 respiciunt
941 743 1265 825 praesidium
1290 787 1311 817 ‚
1348 744 1421 803 ab
1465 743 1741 804 Acroco-

355 827 548 887 rintho
608 823 958 885 descendens
983 870 1004 899 ‚
1060 823 1321 905 protinus
1374 824 1447 883 ad
1501 839 1736 906 portam

159 935 336 975 Am„-
360 908 494 967 duci
521 922 694 988 atque
733 907 908 965 abire.
955 903 1233 984 Quorum
1259 923 1464 986 agmen
1494 907 1741 987 impera-

137 987 317 1032 '‘nm'‘
359 1005 454 1048 tor
488 986 714 1048 secutus
740 1033 760 1062 ,
798 985 1273 1069 prosequentibus
1318 983 1532 1044 cunffis
1554 1028 1575 1057 ,
1616 983 1737 1046 ser-

137 1036 324 1121 {⁶333
357 1087 624 1131 vatorem
646 1067 1126 1150 liberatoremque
1149 1065 1593 1126 acclamantibus
1610 1111 1631 1139 ‚
1654 1065 1741 1125 sa-

136 1134 316 1221 ἶζῗῖᾆῗ
359 1151 555 1211 lutatis
585 1144 927 1229 dimissisque
959 1149 1041 1207 eis
1066 1192 1084 1220 ‚
1119 1147 1325 1208 eadem
1346 1189 1365 1218 ,
1399 1145 1514 1227 qua
1552 1167 1739 1206 vene-

357 1249 448 1292 rat
472 1276 492 1305 ‚
521 1229 621 1290 via
654 1228 895 1289 Elatiam
927 1227 1099 1287 rediit
1134 1248 1148 1288 τ
1188 1226 1323 1286 inde
1363 1243 1497 1286 cum
1537 1229 1737 1286 omni-

357 1312 468 1372 bus
506 1311 690 1389 copiis
731 1307 787 1367 A
833 1351 848 1366 .
891 1305 1201 1368 Claudium
1247 1307 1499 1387 legatum
1538 1306 1733 1368 dimit-

358 1395 430 1452 tit
465 1412 480 1449 ε
518 1410 624 1472 per
655 1330 997 1449 Thess‘aliam
1035 1405 1209 1470 atque
1240 1385 1484 1468 Epirum'
1516 1387 1735 1450 ducere

360 1472 612 1532 Oricum
640 1467 834 1550 jubet,
855 1484 1026 1550 atque
1060 1467 1141 1527 ibi
1175 1467 1232 1526 se
1264 1470 1519 1549 opperiri
1548 1469 1737 1543 ;inde

359 1571 610 1632 namque
653 1554 713 1609 in
753 1552 946 1610 animo
994 1547 1106 1609 esse
1146 1550 1459 1608 exercitum
1510 1551 1569 1608 in
1616 1549 1738 1610 Ita-

359 1634 500 1697 liam
533 1628 812 1708 trajicere.
843 1629 918 1690 Et
939 1629 1007 1690 L.
1031 1629 1282 1708 Quintio
1315 1628 1468 1688 fratri
1487 1674 1507 1702 ‚
1534 1630 1732 1712 legato

359 1715 429 1776 &
471 1709 742 1794 praefeao
771 1708 948 1771 claffis
968 1755 988 1784 ,
1010 1708 1199 1770 scribit
1214 1755 1235 1784 ‚
1256 1725 1320 1770 ut
1346 1713 1631 1770 onerarias
1655 1731 1737 1771 ex

361 1795 524 1855 omni
551 1789 792 1853 Graeciae
824 1812 925 1853 ora
949 1789 1163 1853 eodem
1190 1790 1570 1852 contraheret.
1596 1790 1735 1874 Ipse

363 1874 706 1937 Chalcidem
738 1870 1025 1954 profestus
1045 1915 1065 1944 ‚
1085 1870 1341 1931 deductis
1364 1893 1483 1933 non
1504 1894 1537 1931 a
1557 1870 1737 1933 Chal-

362 1956 495 2015 cide
523 1954 705 2014 solum
725 1996 744 2027 ‚
769 1951 870 2012 sed
903 1954 1074 2013 etiam
1107 1952 1181 2011 ab
1200 1950 1366 2031 Oreo
1388 1969 1557 2034 atque
1586 1953 1735 2015 Ere-

361 2036 470 2095 tria
489 2078 510 2108 ,
527 2032 801 2116 praefidiis
819 2076 840 2106 ‚
859 2049 1212 2094 conventum
1232 2032 1313 2092 ibi
1338 2032 1731 2096 Euboicarum

363 2117 664 2175 civitatum
684 2113 921 2189 habuit3
955 2112 1458 2194 commonitosque
1477 2160 1496 2189 ,
1521 2116 1579 2174 in
1606 2138 1729 2197 quo

364 2195 510 2257 statu
535 2214 728 2255 rerum
759 2192 1063 2275 accepisset
1094 2214 1199 2253 eos
1222 2240 1242 2264 ‚
1280 2194 1343 2254 &
1377 2196 1436 2253 in
1473 2216 1590 2276 quo
1636 2216 1761 2257 re·-

364 2279 446 2337 l¹in
530 2295 652 2337 eret
670 2320 689 2347 ‚
713 2273 936 2335 dimisit.
967 2272 1406 2334 Demetriadem
1438 2276 1574 2336 inde
1595 2298 1732 2358 pro·

365 2358 462 2419 fici
489 2360 633 2417 citur
649 2378 668 2428 3
687 2354 1049 2436 deducioque
1066 2352 1329 2435 praefidio
1351 2400 1369 2428 ‚
1386 2354 1732 2439 prosequen-

248 2478 260 2508 χ
364 2440 518 2497 tibus
548 2436 760 2497 cunflis
780 2481 800 2510 ‚
839 2434 978 2495 sicut
1004 2433 1270 2495 Corinthi
1306 2436 1370 2496 &
1404 2433 1683 2499 Chalcide
1706 2484 1731 2514 ,

369 2521 558 2601 pergit
587 2520 671 2577 ire
701 2520 760 2576 in
791 2514 1169 2589 Thess'aliam,
1199 2515 1300 2573 ubi
1336 2536 1455 2577 non
1488 2517 1734 2578 liberan-

368 2600 459 2657 dae
492 2598 674 2656 modo
691 2600 945 2657 civitates
969 2612 1167 2668 erant,
1196 2595 1295 2656 sed
1324 2616 1396 2655 ex
1420 2600 1581 2657 omni
1604 2600 1732 2660 col-

367 2681 607 2741 luvione
645 2680 711 2738 &
753 2674 1087 2737 confufione
1127 2678 1187 2734 in
1230 2676 1474 2757 aliquam
1515 2676 1735 2740 tolera..

367 2760 550 2821 bilem
579 2757 826 2817 formam
855 2757 1202 2839 redigendae.
1236 2755 1293 2815 N
1298 2777 1363 2816 ec
1388 2760 1546 2817 enim
1588 2777 1737 2822 tem·

370 2858 581 2921 porum
601 2837 782 2897 modo
810 2839 961 2898 vitiis
981 2880 1000 2907 ‚
1022 2858 1087 2896 ac
1122 2837 1432 2909 violentia,
1462 2839 1525 2898 δι
1556 2837 1736 2902 licen-

373 2921 456 2981 tia
487 2918 644 3001 regia
663 2918 868 2982 turbati
903 2934 1063 2981 erant
1083 2936 1107 2995 3
1132 2916 1232 2983 sed
1265 2917 1526 3000 inquieto
1551 2921 1754 2987 etiam·
