<?xml version="1.0" encoding="UTF-8"?>
<!DOCTYPE html PUBLIC "-//W3C//DTD XHTML 1.0 Transitional//EN"
    "http://www.w3.org/TR/xhtml1/DTD/xhtml1-transitional.dtd">
<html xmlns="http://www.w3.org/1999/xhtml" xml:lang="en" lang="en">
 <head>
  <title>
</title>
<meta http-equiv="Content-Type" content="text/html;charset=utf-8" />
  <meta name='ocr-system' content='tesseract 3.04.00' />
  <meta name='ocr-capabilities' content='ocr_page ocr_carea ocr_par ocr_line ocrx_word'/>
</head>
<body>
  <div class='ocr_page' id='page_1' title='image "./titiliviipatavi01lallgoog_0154.png"; bbox 0 0 2004 3691; ppageno 0'>
   <div class='ocr_carea' id='block_1_1' title="bbox 448 308 1422 405">
    <p class='ocr_par' dir='ltr' id='par_1_1' title="bbox 448 308 1422 405">
     <span class='ocr_line' id='line_1_1' title="bbox 448 308 1422 405; baseline 0.005 -25"><span class='ocrx_word' id='word_1_1' title='bbox 448 308 590 405; x_wconf 72' lang='lat'>138</span> <span class='ocrx_word' id='word_1_2' title='bbox 830 313 904 381; x_wconf 89' lang='lat' dir='ltr'>T.</span> <span class='ocrx_word' id='word_1_3' title='bbox 1002 314 1422 385; x_wconf 70' lang='lat' dir='ltr'>Llrtt</span> 
     </span>
    </p>
   </div>
   <div class='ocr_carea' id='block_1_2' title="bbox 225 423 1846 3011">
    <p class='ocr_par' dir='ltr' id='par_1_2' title="bbox 225 423 1846 3011">
     <span class='ocr_line' id='line_1_2' title="bbox 226 423 1846 506; baseline 0.004 -25"><span class='ocrx_word' id='word_1_4' title='bbox 226 442 422 482; x_wconf 58' lang='grc' dir='ltr'>εξ...-</span> <span class='ocrx_word' id='word_1_5' title='bbox 442 427 602 506; x_wconf 89' lang='lat' dir='ltr'>quod</span> <span class='ocrx_word' id='word_1_6' title='bbox 620 428 681 486; x_wconf 86' lang='lat' dir='ltr'>in</span> <span class='ocrx_word' id='word_1_7' title='bbox 706 427 861 489; x_wconf 87' lang='lat' dir='ltr'>diem</span> <span class='ocrx_word' id='word_1_8' title='bbox 923 427 1173 492; x_wconf 86' lang='lat' dir='ltr'>osterum</span> <span class='ocrx_word' id='word_1_9' title='bbox 1197 429 1472 490; x_wconf 66' lang='lat' dir='ltr'>indicium</span> <span class='ocrx_word' id='word_1_10' title='bbox 1495 443 1622 489; x_wconf 88' lang='lat' dir='ltr'>erat</span> <span class='ocrx_word' id='word_1_11' title='bbox 1646 423 1846 490; x_wconf 83' lang='lat' dir='ltr'><strong>Boeo-</strong></span> 
     </span>
     <span class='ocr_line' id='line_1_3' title="bbox 225 505 1842 596; baseline 0.002 -30"><span class='ocrx_word' id='word_1_12' title='bbox 225 505 545 596; x_wconf 56' lang='lat' dir='ltr'>fg·{55·tis›,</span> <span class='ocrx_word' id='word_1_13' title='bbox 565 507 839 570; x_wconf 63' lang='lat' dir='ltr'>reliGlum.</span> <span class='ocrx_word' id='word_1_14' title='bbox 935 527 1173 571; x_wconf 84' lang='lat' dir='ltr'>exerunt</span> <span class='ocrx_word' id='word_1_15' title='bbox 1203 513 1468 571; x_wconf 88' lang='lat' dir='ltr'>dolorem</span> <span class='ocrx_word' id='word_1_16' title='bbox 1490 555 1510 584; x_wconf 93' lang='lat'>‚</span> <span class='ocrx_word' id='word_1_17' title='bbox 1545 529 1732 591; x_wconf 87' lang='lat' dir='ltr'>quem</span> <span class='ocrx_word' id='word_1_18' title='bbox 1761 510 1842 570; x_wconf 68' lang='grc' dir='ltr'>δί</span> 
     </span>
     <span class='ocr_line' id='line_1_4' title="bbox 254 569 1845 674; baseline 0.002 -28"><span class='ocrx_word' id='word_1_19' title='bbox 254 580 269 595; x_wconf 80' lang='grc'>’</span> <span class='ocrx_word' id='word_1_20' title='bbox 322 581 335 595; x_wconf 80' lang='grc'><strong>’</strong></span> <span class='ocrx_word' id='word_1_21' title='bbox 362 569 519 647; x_wconf 75' lang='lat' dir='ltr'><strong>⁹⁷‘ne</strong></span> <span class='ocrx_word' id='word_1_22' title='bbox 564 590 837 672; x_wconf 88' lang='lat' dir='ltr'>uidquam</span> <span class='ocrx_word' id='word_1_23' title='bbox 880 593 945 654; x_wconf 88' lang='lat'>&amp;</span> <span class='ocrx_word' id='word_1_24' title='bbox 990 613 1111 653; x_wconf 89' lang='lat' dir='ltr'>non</span> <span class='ocrx_word' id='word_1_25' title='bbox 1149 589 1266 652; x_wconf 85' lang='lat' dir='ltr'>fine</span> <span class='ocrx_word' id='word_1_26' title='bbox 1312 591 1575 674; x_wconf 87' lang='lat' dir='ltr'>periculo</span> <span class='ocrx_word' id='word_1_27' title='bbox 1619 588 1845 650; x_wconf 87' lang='lat' dir='ltr'>osten-</span> 
     </span>
     <span class='ocr_line' id='line_1_5' title="bbox 444 667 1634 730; baseline 0.003 -2"><span class='ocrx_word' id='word_1_28' title='bbox 444 667 507 728; x_wconf 79' lang='lat' dir='ltr'>di</span> <span class='ocrx_word' id='word_1_29' title='bbox 551 686 668 730; x_wconf 85' lang='lat' dir='ltr'>ent.</span> <span class='ocrx_word' id='word_1_30' title='bbox 1621 689 1634 694; x_wconf 58' lang='grc'><em>“</em></span> 
     </span>
     <span class='ocr_line' id='line_1_6' title="bbox 232 747 1845 832; baseline -0.005 -17"><span class='ocrx_word' id='word_1_31' title='bbox 232 774 435 816; x_wconf 52' lang='lat' dir='ltr'>*zaconez-</span> <span class='ocrx_word' id='word_1_32' title='bbox 531 748 605 809; x_wconf 89' lang='lat' dir='ltr'>II.</span> <span class='ocrx_word' id='word_1_33' title='bbox 640 749 709 810; x_wconf 86' lang='lat' dir='ltr'>In</span> <span class='ocrx_word' id='word_1_34' title='bbox 733 751 983 832; x_wconf 78' lang='lat' dir='ltr'>concilio</span> <span class='ocrx_word' id='word_1_35' title='bbox 1020 751 1246 813; x_wconf 83' lang='lat' dir='ltr'>Attalus</span> <span class='ocrx_word' id='word_1_36' title='bbox 1275 753 1492 832; x_wconf 85' lang='lat' dir='ltr'>primus</span> <span class='ocrx_word' id='word_1_37' title='bbox 1527 749 1720 812; x_wconf 83' lang='lat' dir='ltr'>verba</span> <span class='ocrx_word' id='word_1_38' title='bbox 1741 747 1845 808; x_wconf 86' lang='lat' dir='ltr'>fe·</span> 
     </span>
     <span class='ocr_line' id='line_1_7' title="bbox 234 825 1845 912; baseline 0.002 -24"><span class='ocrx_word' id='word_1_39' title='bbox 234 825 435 911; x_wconf 57' lang='lat'>}{‡„{“⁰·</span> <span class='ocrx_word' id='word_1_40' title='bbox 449 830 547 890; x_wconf 87' lang='lat' dir='ltr'>cit.</span> <span class='ocrx_word' id='word_1_41' title='bbox 582 829 763 891; x_wconf 87' lang='lat' dir='ltr'>Orsus</span> <span class='ocrx_word' id='word_1_42' title='bbox 796 853 831 890; x_wconf 89' lang='lat' dir='ltr'>a</span> <span class='ocrx_word' id='word_1_43' title='bbox 857 829 1140 911; x_wconf 75' lang='lat' dir='ltr'>majorum</span> <span class='ocrx_word' id='word_1_44' title='bbox 1178 832 1406 894; x_wconf 83' lang='lat' dir='ltr'>suorum</span> <span class='ocrx_word' id='word_1_45' title='bbox 1445 829 1674 912; x_wconf 86' lang='lat' dir='ltr'>suisque</span> <span class='ocrx_word' id='word_1_46' title='bbox 1701 875 1724 904; x_wconf 92' lang='lat'><strong>,</strong></span> <span class='ocrx_word' id='word_1_47' title='bbox 1761 832 1845 892; x_wconf 67' lang='grc' dir='ltr'><strong>δί</strong></span> 
     </span>
     <span class='ocr_line' id='line_1_8' title="bbox 232 912 1845 992; baseline 0 -22"><span class='ocrx_word' id='word_1_48' title='bbox 232 921 398 960; x_wconf 69' lang='lat' dir='ltr'>Attalus</span> <span class='ocrx_word' id='word_1_49' title='bbox 447 912 847 972; x_wconf 83' lang='lat' dir='ltr'>communibus</span> <span class='ocrx_word' id='word_1_50' title='bbox 882 915 941 972; x_wconf 85' lang='lat' dir='ltr'>in</span> <span class='ocrx_word' id='word_1_51' title='bbox 970 934 1208 974; x_wconf 78' lang='lat' dir='ltr'>omnem</span> <span class='ocrx_word' id='word_1_52' title='bbox 1239 912 1520 974; x_wconf 67' lang='lat' dir='ltr'>Graeciam</span> <span class='ocrx_word' id='word_1_53' title='bbox 1536 954 1556 984; x_wconf 92' lang='lat'>‚</span> <span class='ocrx_word' id='word_1_54' title='bbox 1585 913 1656 973; x_wconf 85' lang='lat'>&amp;</span> <span class='ocrx_word' id='word_1_55' title='bbox 1685 931 1845 992; x_wconf 83' lang='lat' dir='ltr'>pro-</span> 
     </span>
     <span class='ocr_line' id='line_1_9' title="bbox 234 971 1842 1080; baseline -0.002 -26"><span class='ocrx_word' id='word_1_56' title='bbox 234 972 350 1078; x_wconf 41' lang='grc' dir='ltr'>ἓξὲξ</span> <span class='ocrx_word' id='word_1_57' title='bbox 363 971 433 1020; x_wconf 70' lang='lat' dir='ltr'>f“&#39;</span> <span class='ocrx_word' id='word_1_58' title='bbox 449 993 584 1080; x_wconf 85' lang='lat' dir='ltr'>priis</span> <span class='ocrx_word' id='word_1_59' title='bbox 607 993 667 1050; x_wconf 88' lang='lat' dir='ltr'>in</span> <span class='ocrx_word' id='word_1_60' title='bbox 685 991 1031 1054; x_wconf 77' lang='lat' dir='ltr'>Boeotorum</span> <span class='ocrx_word' id='word_1_61' title='bbox 1049 1011 1280 1078; x_wconf 86' lang='lat' dir='ltr'>gentem</span> <span class='ocrx_word' id='word_1_62' title='bbox 1305 995 1556 1066; x_wconf 68' lang='lat' dir='ltr'>meritis,</span> <span class='ocrx_word' id='word_1_63' title='bbox 1583 991 1842 1073; x_wconf 79' lang='lat' dir='ltr'>segnior</span> 
     </span>
     <span class='ocr_line' id='line_1_10' title="bbox 236 1069 1842 1156; baseline 0.001 -26"><span class='ocrx_word' id='word_1_64' title='bbox 236 1069 419 1108; x_wconf 71' lang='lat'>‘⁰⁸“‘⁶¹·</span> <span class='ocrx_word' id='word_1_65' title='bbox 445 1092 565 1152; x_wconf 84' lang='lat' dir='ltr'>Jam</span> <span class='ocrx_word' id='word_1_66' title='bbox 600 1073 663 1133; x_wconf 86' lang='lat'>&amp;.</span> <span class='ocrx_word' id='word_1_67' title='bbox 695 1071 974 1134; x_wconf 78' lang='lat' dir='ltr'>infirmiot</span> <span class='ocrx_word' id='word_1_68' title='bbox 998 1118 1017 1148; x_wconf 94' lang='lat'><strong>,</strong></span> <span class='ocrx_word' id='word_1_69' title='bbox 1050 1074 1222 1156; x_wconf 62' lang='lat' dir='ltr'>quarn</span> <span class='ocrx_word' id='word_1_70' title='bbox 1265 1089 1328 1133; x_wconf 86' lang='lat' dir='ltr'>ut</span> <span class='ocrx_word' id='word_1_71' title='bbox 1377 1074 1842 1134; x_wconf 72' lang='lat' dir='ltr'>contentionem</span> 
     </span>
     <span class='ocr_line' id='line_1_11' title="bbox 447 1153 1840 1229; baseline 0 -17"><span class='ocrx_word' id='word_1_72' title='bbox 447 1153 679 1220; x_wconf 75' lang='lat' dir='ltr'>dicendi</span> <span class='ocrx_word' id='word_1_73' title='bbox 718 1153 1012 1215; x_wconf 88' lang='lat' dir='ltr'>sustineret</span> <span class='ocrx_word' id='word_1_74' title='bbox 1033 1200 1053 1229; x_wconf 92' lang='lat'>‚</span> <span class='ocrx_word' id='word_1_75' title='bbox 1077 1155 1364 1216; x_wconf 85' lang='lat' dir='ltr'>obmutuit</span> <span class='ocrx_word' id='word_1_76' title='bbox 1382 1197 1400 1228; x_wconf 90' lang='lat'><strong>,</strong></span> <span class='ocrx_word' id='word_1_77' title='bbox 1435 1155 1500 1215; x_wconf 86' lang='lat'>&amp;</span> <span class='ocrx_word' id='word_1_78' title='bbox 1534 1153 1840 1214; x_wconf 71' lang='lat' dir='ltr'>concidit.</span> 
     </span>
     <span class='ocr_line' id='line_1_12' title="bbox 446 1231 1835 1316; baseline -0.001 -22"><span class='ocrx_word' id='word_1_79' title='bbox 446 1231 552 1306; x_wconf 88' lang='lat' dir='ltr'>Et,</span> <span class='ocrx_word' id='word_1_80' title='bbox 568 1233 706 1292; x_wconf 84' lang='lat' dir='ltr'>dum</span> <span class='ocrx_word' id='word_1_81' title='bbox 724 1255 923 1316; x_wconf 84' lang='lat' dir='ltr'>regem</span> <span class='ocrx_word' id='word_1_82' title='bbox 941 1235 1204 1296; x_wconf 80' lang='lat' dir='ltr'>auferunt</span> <span class='ocrx_word' id='word_1_83' title='bbox 1225 1233 1630 1316; x_wconf 78' lang='lat' dir='ltr'>perferuntque</span> <span class='ocrx_word' id='word_1_84' title='bbox 1650 1249 1835 1314; x_wconf 81' lang='lat' dir='ltr'>parte</span> 
     </span>
     <span class='ocr_line' id='line_1_13' title="bbox 445 1313 1842 1398; baseline 0 -24"><span class='ocrx_word' id='word_1_85' title='bbox 445 1313 842 1374; x_wconf 82' lang='lat' dir='ltr'>membrorum</span> <span class='ocrx_word' id='word_1_86' title='bbox 872 1337 937 1376; x_wconf 86' lang='lat' dir='ltr'>ca</span> <span class='ocrx_word' id='word_1_87' title='bbox 980 1333 1105 1376; x_wconf 85' lang='lat' dir='ltr'>tum</span> <span class='ocrx_word' id='word_1_88' title='bbox 1127 1360 1147 1390; x_wconf 92' lang='lat'>‚</span> <span class='ocrx_word' id='word_1_89' title='bbox 1177 1313 1458 1398; x_wconf 80' lang='lat' dir='ltr'>paulisper</span> <span class='ocrx_word' id='word_1_90' title='bbox 1493 1317 1708 1374; x_wconf 80' lang='lat' dir='ltr'>concio</span> <span class='ocrx_word' id='word_1_91' title='bbox 1736 1317 1842 1374; x_wconf 84' lang='lat' dir='ltr'>in-</span> 
     </span>
     <span class='ocr_line' id='line_1_14' title="bbox 448 1339 1842 1470; baseline 0 -16"><span class='ocrx_word' id='word_1_92' title='bbox 448 1391 691 1454; x_wconf 81' lang='lat' dir='ltr'>termiffa</span> <span class='ocrx_word' id='word_1_93' title='bbox 756 1393 857 1456; x_wconf 86' lang='lat' dir='ltr'>est.</span> <span class='ocrx_word' id='word_1_94' title='bbox 920 1339 1234 1456; x_wconf 60' lang='lat' dir='ltr'>Kristaenus</span> <span class='ocrx_word' id='word_1_95' title='bbox 1312 1394 1448 1454; x_wconf 88' lang='lat' dir='ltr'>inde</span> <span class='ocrx_word' id='word_1_96' title='bbox 1474 1439 1493 1470; x_wconf 86' lang='lat'><strong>,</strong></span> <span class='ocrx_word' id='word_1_97' title='bbox 1557 1393 1842 1454; x_wconf 81' lang='lat' dir='ltr'>Achaeo-</span> 
     </span>
     <span class='ocr_line' id='line_1_15' title="bbox 452 1472 1842 1556; baseline 0.003 -24"><span class='ocrx_word' id='word_1_98' title='bbox 452 1493 581 1533; x_wconf 85' lang='lat' dir='ltr'>rum</span> <span class='ocrx_word' id='word_1_99' title='bbox 624 1493 839 1556; x_wconf 78' lang='lat' dir='ltr'>praetor</span> <span class='ocrx_word' id='word_1_100' title='bbox 867 1521 887 1551; x_wconf 91' lang='lat'>‚</span> <span class='ocrx_word' id='word_1_101' title='bbox 933 1478 1011 1537; x_wconf 69' lang='lat' dir='ltr'>eb</span> <span class='ocrx_word' id='word_1_102' title='bbox 1057 1497 1190 1536; x_wconf 79' lang='lat' dir='ltr'>cum</span> <span class='ocrx_word' id='word_1_103' title='bbox 1237 1472 1461 1552; x_wconf 66' lang='lat' dir='ltr'>majore</span> <span class='ocrx_word' id='word_1_104' title='bbox 1514 1474 1842 1536; x_wconf 57' lang='lat' dir='ltr'>auetorita-</span> 
     </span>
     <span class='ocr_line' id='line_1_16' title="bbox 453 1554 1836 1639; baseline 0.001 -25"><span class='ocrx_word' id='word_1_105' title='bbox 453 1570 514 1614; x_wconf 90' lang='lat' dir='ltr'>te</span> <span class='ocrx_word' id='word_1_106' title='bbox 560 1555 783 1617; x_wconf 83' lang='lat' dir='ltr'>auditus</span> <span class='ocrx_word' id='word_1_107' title='bbox 809 1601 829 1630; x_wconf 91' lang='lat'>‚</span> <span class='ocrx_word' id='word_1_108' title='bbox 888 1557 1048 1639; x_wconf 73' lang='lat' dir='ltr'>qubd</span> <span class='ocrx_word' id='word_1_109' title='bbox 1102 1577 1220 1616; x_wconf 85' lang='lat' dir='ltr'>non</span> <span class='ocrx_word' id='word_1_110' title='bbox 1277 1557 1383 1614; x_wconf 83' lang='lat' dir='ltr'>alia</span> <span class='ocrx_word' id='word_1_111' title='bbox 1403 1600 1422 1630; x_wconf 88' lang='lat'>‚</span> <span class='ocrx_word' id='word_1_112' title='bbox 1469 1554 1639 1635; x_wconf 64' lang='lat' dir='ltr'>quam</span> <span class='ocrx_word' id='word_1_113' title='bbox 1687 1577 1836 1637; x_wconf 76' lang='lat' dir='ltr'>quae</span> 
     </span>
     <span class='ocr_line' id='line_1_17' title="bbox 454 1633 1839 1712; baseline 0 -16"><span class='ocrx_word' id='word_1_114' title='bbox 454 1633 687 1696; x_wconf 83' lang='lat' dir='ltr'>Achaeis</span> <span class='ocrx_word' id='word_1_115' title='bbox 720 1635 957 1698; x_wconf 80' lang='lat' dir='ltr'>suaserat</span> <span class='ocrx_word' id='word_1_116' title='bbox 983 1681 1001 1712; x_wconf 91' lang='lat'>,</span> <span class='ocrx_word' id='word_1_117' title='bbox 1038 1636 1260 1698; x_wconf 85' lang='lat' dir='ltr'>Boeotis</span> <span class='ocrx_word' id='word_1_118' title='bbox 1300 1634 1590 1696; x_wconf 74' lang='lat' dir='ltr'>suadebat.</span> <span class='ocrx_word' id='word_1_119' title='bbox 1629 1635 1839 1696; x_wconf 80' lang='lat' dir='ltr'>Pauca</span> 
     </span>
     <span class='ocr_line' id='line_1_18' title="bbox 454 1714 1831 1798; baseline 0 -22"><span class='ocrx_word' id='word_1_120' title='bbox 454 1714 529 1776; x_wconf 78' lang='lat' dir='ltr'>ab</span> <span class='ocrx_word' id='word_1_121' title='bbox 566 1715 689 1796; x_wconf 89' lang='lat' dir='ltr'>ipso</span> <span class='ocrx_word' id='word_1_122' title='bbox 712 1715 962 1796; x_wconf 84' lang='lat' dir='ltr'>Quintio</span> <span class='ocrx_word' id='word_1_123' title='bbox 995 1715 1214 1797; x_wconf 64' lang='lat' dir='ltr'>adj-ecta</span> <span class='ocrx_word' id='word_1_124' title='bbox 1233 1763 1252 1792; x_wconf 90' lang='lat'><strong>‚</strong></span> <span class='ocrx_word' id='word_1_125' title='bbox 1278 1714 1458 1776; x_wconf 87' lang='lat' dir='ltr'>fidem</span> <span class='ocrx_word' id='word_1_126' title='bbox 1487 1717 1674 1798; x_wconf 80' lang='lat' dir='ltr'>magis</span> <span class='ocrx_word' id='word_1_127' title='bbox 1693 1716 1831 1776; x_wconf 84' lang='lat' dir='ltr'>Ro-</span> 
     </span>
     <span class='ocr_line' id='line_1_19' title="bbox 456 1795 1834 1880; baseline 0.001 -23"><span class='ocrx_word' id='word_1_128' title='bbox 456 1817 722 1871; x_wconf 84' lang='lat' dir='ltr'>manam,</span> <span class='ocrx_word' id='word_1_129' title='bbox 754 1797 925 1880; x_wconf 73' lang='lat' dir='ltr'>quam</span> <span class='ocrx_word' id='word_1_130' title='bbox 954 1819 1113 1859; x_wconf 82' lang='lat' dir='ltr'>arma</span> <span class='ocrx_word' id='word_1_131' title='bbox 1146 1814 1246 1859; x_wconf 82' lang='lat' dir='ltr'>aut</span> <span class='ocrx_word' id='word_1_132' title='bbox 1281 1815 1426 1879; x_wconf 85' lang='lat' dir='ltr'>opes</span> <span class='ocrx_word' id='word_1_133' title='bbox 1446 1842 1465 1872; x_wconf 95' lang='lat'><strong>,</strong></span> <span class='ocrx_word' id='word_1_134' title='bbox 1502 1795 1834 1858; x_wconf 72' lang='lat' dir='ltr'>extollente</span> 
     </span>
     <span class='ocr_line' id='line_1_20' title="bbox 264 1874 1838 1959; baseline -0.001 -19"><span class='ocrx_word' id='word_1_135' title='bbox 264 1902 439 1941; x_wconf 61' lang='lat' dir='ltr'>seam,</span> <span class='ocrx_word' id='word_1_136' title='bbox 456 1879 670 1939; x_wconf 77' lang='lat' dir='ltr'>verbis,</span> <span class='ocrx_word' id='word_1_137' title='bbox 701 1878 950 1959; x_wconf 83' lang='lat' dir='ltr'>Rogatio</span> <span class='ocrx_word' id='word_1_138' title='bbox 979 1880 1116 1941; x_wconf 86' lang='lat' dir='ltr'>inde</span> <span class='ocrx_word' id='word_1_139' title='bbox 1138 1924 1161 1951; x_wconf 90' lang='lat'><em>,</em></span> <span class='ocrx_word' id='word_1_140' title='bbox 1183 1900 1216 1937; x_wconf 90' lang='lat' dir='ltr'>a</span> <span class='ocrx_word' id='word_1_141' title='bbox 1248 1876 1540 1938; x_wconf 83' lang='lat' dir='ltr'>Plataeenfi</span> <span class='ocrx_word' id='word_1_142' title='bbox 1560 1874 1838 1938; x_wconf 79' lang='lat' dir='ltr'>Dicaear-</span> 
     </span>
     <span class='ocr_line' id='line_1_21' title="bbox 242 1950 1839 2040; baseline 0.001 -23"><span class='ocrx_word' id='word_1_143' title='bbox 242 1950 441 2037; x_wconf 53' lang='grc' dir='ltr'>ζζῖὶῇζζ</span> <span class='ocrx_word' id='word_1_144' title='bbox 460 1957 571 2017; x_wconf 81' lang='lat' dir='ltr'>cho</span> <span class='ocrx_word' id='word_1_145' title='bbox 604 1958 715 2018; x_wconf 88' lang='lat' dir='ltr'>lata</span> <span class='ocrx_word' id='word_1_146' title='bbox 748 1961 1092 2040; x_wconf 77' lang='lat' dir='ltr'>recitataque</span> <span class='ocrx_word' id='word_1_147' title='bbox 1111 1954 1200 2019; x_wconf 72' lang='lat' dir='ltr'>de</span> <span class='ocrx_word' id='word_1_148' title='bbox 1234 1957 1503 2020; x_wconf 82' lang='lat' dir='ltr'>societate</span> <span class='ocrx_word' id='word_1_149' title='bbox 1537 1978 1671 2017; x_wconf 87' lang='lat' dir='ltr'>cum</span> <span class='ocrx_word' id='word_1_150' title='bbox 1698 1959 1839 2019; x_wconf 82' lang='lat' dir='ltr'>Ro-</span> 
     </span>
     <span class='ocr_line' id='line_1_22' title="bbox 242 2036 1836 2121; baseline 0.001 -24"><span class='ocrx_word' id='word_1_151' title='bbox 242 2058 363 2087; x_wconf 73' lang='lat' dir='ltr'>mu·</span> <span class='ocrx_word' id='word_1_152' title='bbox 458 2040 645 2097; x_wconf 82' lang='lat' dir='ltr'>manis</span> <span class='ocrx_word' id='word_1_153' title='bbox 688 2036 1014 2121; x_wconf 83' lang='lat' dir='ltr'>jungenda,</span> <span class='ocrx_word' id='word_1_154' title='bbox 1049 2039 1212 2099; x_wconf 87' lang='lat' dir='ltr'>nullo</span> <span class='ocrx_word' id='word_1_155' title='bbox 1250 2037 1450 2099; x_wconf 69' lang='lat' dir='ltr'>contra</span> <span class='ocrx_word' id='word_1_156' title='bbox 1489 2040 1684 2099; x_wconf 87' lang='lat' dir='ltr'>dicere</span> <span class='ocrx_word' id='word_1_157' title='bbox 1719 2060 1836 2099; x_wconf 80' lang='lat' dir='ltr'>au·</span> 
     </span>
     <span class='ocr_line' id='line_1_23' title="bbox 458 2116 1836 2192; baseline 0.002 -15"><span class='ocrx_word' id='word_1_158' title='bbox 458 2117 633 2177; x_wconf 84' lang='lat' dir='ltr'>dente</span> <span class='ocrx_word' id='word_1_159' title='bbox 656 2160 691 2192; x_wconf 89' lang='lat'>,-</span> <span class='ocrx_word' id='word_1_160' title='bbox 714 2123 974 2179; x_wconf 87' lang='lat' dir='ltr'>omnium</span> <span class='ocrx_word' id='word_1_161' title='bbox 1007 2119 1270 2180; x_wconf 77' lang='lat' dir='ltr'>Boeotiae‘</span> <span class='ocrx_word' id='word_1_162' title='bbox 1291 2118 1589 2179; x_wconf 84' lang='lat' dir='ltr'>civitatum</span> <span class='ocrx_word' id='word_1_163' title='bbox 1625 2116 1836 2180; x_wconf 76' lang='lat' dir='ltr'>suffra·</span> 
     </span>
     <span class='ocr_line' id='line_1_24' title="bbox 498 2196 1838 2280; baseline 0.004 -24"><span class='ocrx_word' id='word_1_164' title='bbox 498 2199 563 2257; x_wconf 87' lang='lat' dir='ltr'>&#39;is</span> <span class='ocrx_word' id='word_1_165' title='bbox 581 2200 846 2279; x_wconf 83' lang='lat' dir='ltr'>accipitur</span> <span class='ocrx_word' id='word_1_166' title='bbox 866 2197 1098 2280; x_wconf 82' lang='lat' dir='ltr'>jubetur</span> <span class='ocrx_word' id='word_1_167' title='bbox 1140 2220 1232 2259; x_wconf 86' lang='lat' dir='ltr'>ue.</span> <span class='ocrx_word' id='word_1_168' title='bbox 1261 2196 1533 2259; x_wconf 84' lang='lat' dir='ltr'>Concilio</span> <span class='ocrx_word' id='word_1_169' title='bbox 1554 2198 1838 2275; x_wconf 78' lang='lat' dir='ltr'>dimiffo,</span> 
     </span>
     <span class='ocr_line' id='line_1_25' title="bbox 422 2218 1831 2361; baseline 0.004 -24"><span class='ocrx_word' id='word_1_170' title='bbox 422 2290 427 2293; x_wconf 83' lang='grc'><em>“</em></span> <span class='ocrx_word' id='word_1_171' title='bbox 460 2218 743 2357; x_wconf 50' lang='lat' dir='ltr'>{nimius</span> <span class='ocrx_word' id='word_1_172' title='bbox 768 2279 1126 2340; x_wconf 83' lang='lat' dir='ltr'>tantumThe</span> <span class='ocrx_word' id='word_1_173' title='bbox 1166 2283 1213 2340; x_wconf 86' lang='lat' dir='ltr'>is</span> <span class='ocrx_word' id='word_1_174' title='bbox 1239 2296 1523 2353; x_wconf 58' lang='lat' dir='ltr'>moram,</span> <span class='ocrx_word' id='word_1_175' title='bbox 1544 2298 1831 2361; x_wconf 80' lang='lat' dir='ltr'>quantum</span> 
     </span>
     <span class='ocr_line' id='line_1_26' title="bbox 459 2358 1835 2499; baseline 0.002 -78"><span class='ocrx_word' id='word_1_176' title='bbox 459 2358 645 2421; x_wconf 80' lang='lat' dir='ltr'>Attali</span> <span class='ocrx_word' id='word_1_177' title='bbox 679 2380 883 2499; x_wconf 53' lang='grc' dir='ltr'>τεῗεηε</span> <span class='ocrx_word' id='word_1_178' title='bbox 908 2360 1068 2423; x_wconf 77' lang='lat' dir='ltr'>casus</span> <span class='ocrx_word' id='word_1_179' title='bbox 1101 2362 1294 2443; x_wconf 83' lang='lat' dir='ltr'>co&#39;e&#39;git</span> <span class='ocrx_word' id='word_1_180' title='bbox 1317 2405 1336 2433; x_wconf 88' lang='lat'>,</span> <span class='ocrx_word' id='word_1_181' title='bbox 1359 2358 1664 2443; x_wconf 76' lang='lat' dir='ltr'>postquam</span> <span class='ocrx_word' id='word_1_182' title='bbox 1703 2384 1835 2423; x_wconf 77' lang='lat' dir='ltr'>non</span> 
     </span>
     <span class='ocr_line' id='line_1_27' title="bbox 460 2441 1834 2522; baseline 0.001 -21"><span class='ocrx_word' id='word_1_183' title='bbox 460 2442 600 2501; x_wconf 80' lang='lat' dir='ltr'>vitae</span> <span class='ocrx_word' id='word_1_184' title='bbox 618 2462 735 2522; x_wconf 72' lang='lat' dir='ltr'>prae</span> <span class='ocrx_word' id='word_1_185' title='bbox 762 2462 862 2501; x_wconf 86' lang='lat' dir='ltr'>ens</span> <span class='ocrx_word' id='word_1_186' title='bbox 882 2442 1198 2522; x_wconf 87' lang='lat' dir='ltr'>periculum</span> <span class='ocrx_word' id='word_1_187' title='bbox 1214 2442 1304 2501; x_wconf 85' lang='lat' dir='ltr'>vis</span> <span class='ocrx_word' id='word_1_188' title='bbox 1323 2442 1514 2501; x_wconf 83' lang='lat' dir='ltr'>morbi</span> <span class='ocrx_word' id='word_1_189' title='bbox 1543 2441 1784 2503; x_wconf 81' lang='lat' dir='ltr'>attuliffe</span> <span class='ocrx_word' id='word_1_190' title='bbox 1809 2488 1834 2519; x_wconf 89' lang='lat'><strong>‚</strong></span> 
     </span>
     <span class='ocr_line' id='line_1_28' title="bbox 463 2518 1839 2595; baseline 0.004 -17"><span class='ocrx_word' id='word_1_191' title='bbox 463 2518 563 2579; x_wconf 85' lang='lat' dir='ltr'>sed</span> <span class='ocrx_word' id='word_1_192' title='bbox 596 2521 988 2583; x_wconf 86' lang='lat' dir='ltr'>membrorum</span> <span class='ocrx_word' id='word_1_193' title='bbox 1024 2522 1376 2583; x_wconf 80' lang='lat' dir='ltr'>debilitatem</span> <span class='ocrx_word' id='word_1_194' title='bbox 1405 2520 1526 2581; x_wconf 86' lang='lat' dir='ltr'>visa</span> <span class='ocrx_word' id='word_1_195' title='bbox 1565 2520 1647 2581; x_wconf 88' lang='lat' dir='ltr'>est</span> <span class='ocrx_word' id='word_1_196' title='bbox 1673 2566 1694 2595; x_wconf 90' lang='lat'>‚</span> <span class='ocrx_word' id='word_1_197' title='bbox 1733 2544 1839 2583; x_wconf 74' lang='lat' dir='ltr'>re-</span> 
     </span>
     <span class='ocr_line' id='line_1_29' title="bbox 464 2598 1840 2683; baseline 0.002 -22"><span class='ocrx_word' id='word_1_198' title='bbox 464 2598 599 2661; x_wconf 57' lang='lat' dir='ltr'>licto</span> <span class='ocrx_word' id='word_1_199' title='bbox 627 2621 703 2660; x_wconf 93' lang='lat' dir='ltr'>eo</span> <span class='ocrx_word' id='word_1_200' title='bbox 738 2602 811 2660; x_wconf 83' lang='lat' dir='ltr'>ad</span> <span class='ocrx_word' id='word_1_201' title='bbox 836 2606 1188 2664; x_wconf 85' lang='lat' dir='ltr'>curationem</span> <span class='ocrx_word' id='word_1_202' title='bbox 1216 2598 1581 2663; x_wconf 84' lang='lat' dir='ltr'>necessariam</span> <span class='ocrx_word' id='word_1_203' title='bbox 1611 2624 1840 2683; x_wconf 83' lang='lat' dir='ltr'>corpo-</span> 
     </span>
     <span class='ocr_line' id='line_1_30' title="bbox 464 2678 1840 2763; baseline 0.002 -22"><span class='ocrx_word' id='word_1_204' title='bbox 464 2682 575 2751; x_wconf 69' lang='grc' dir='ltr'>τίς,</span> <span class='ocrx_word' id='word_1_205' title='bbox 608 2678 848 2745; x_wconf 81' lang='lat' dir='ltr'>Elatiam</span> <span class='ocrx_word' id='word_1_206' title='bbox 869 2724 889 2753; x_wconf 90' lang='lat'>‚</span> <span class='ocrx_word' id='word_1_207' title='bbox 929 2681 1084 2744; x_wconf 85' lang='lat' dir='ltr'>unde</span> <span class='ocrx_word' id='word_1_208' title='bbox 1124 2680 1412 2763; x_wconf 65' lang='lat' dir='ltr'>profe6lus</span> <span class='ocrx_word' id='word_1_209' title='bbox 1447 2698 1566 2742; x_wconf 89' lang='lat' dir='ltr'>erat</span> <span class='ocrx_word' id='word_1_210' title='bbox 1586 2726 1606 2755; x_wconf 91' lang='lat'>‚</span> <span class='ocrx_word' id='word_1_211' title='bbox 1641 2686 1792 2744; x_wconf 84' lang='lat' dir='ltr'>redit</span> <span class='ocrx_word' id='word_1_212' title='bbox 1813 2708 1840 2759; x_wconf 90' lang='lat'>;</span> 
     </span>
     <span class='ocr_line' id='line_1_31' title="bbox 464 2760 1840 2843; baseline 0.002 -19"><span class='ocrx_word' id='word_1_213' title='bbox 464 2760 687 2824; x_wconf 65' lang='lat' dir='ltr'>Boeotis</span> <span class='ocrx_word' id='word_1_214' title='bbox 732 2782 965 2843; x_wconf 86' lang='lat' dir='ltr'>quoque</span> <span class='ocrx_word' id='word_1_215' title='bbox 992 2806 1010 2835; x_wconf 91' lang='lat'>,</span> <span class='ocrx_word' id='word_1_216' title='bbox 1059 2762 1200 2823; x_wconf 81' lang='lat' dir='ltr'>ficut</span> <span class='ocrx_word' id='word_1_217' title='bbox 1241 2762 1396 2843; x_wconf 67' lang='lat' dir='ltr'>prihs</span> <span class='ocrx_word' id='word_1_218' title='bbox 1435 2762 1710 2835; x_wconf 73' lang='lat' dir='ltr'>Achaeis,</span> <span class='ocrx_word' id='word_1_219' title='bbox 1757 2766 1840 2827; x_wconf 82' lang='lat' dir='ltr'>ad</span> 
     </span>
     <span class='ocr_line' id='line_1_32' title="bbox 465 2839 1843 2925; baseline 0.001 -22"><span class='ocrx_word' id='word_1_220' title='bbox 465 2840 801 2903; x_wconf 79' lang='lat' dir='ltr'>societatem</span> <span class='ocrx_word' id='word_1_221' title='bbox 822 2839 1042 2905; x_wconf 80' lang='lat' dir='ltr'>adscitis</span> <span class='ocrx_word' id='word_1_222' title='bbox 1060 2888 1079 2916; x_wconf 88' lang='lat'>,</span> <span class='ocrx_word' id='word_1_223' title='bbox 1115 2844 1180 2903; x_wconf 88' lang='lat'>&amp;</span> <span class='ocrx_word' id='word_1_224' title='bbox 1204 2843 1434 2924; x_wconf 84' lang='lat' dir='ltr'>quando</span> <span class='ocrx_word' id='word_1_225' title='bbox 1469 2860 1592 2905; x_wconf 81' lang='lat' dir='ltr'>tuta</span> <span class='ocrx_word' id='word_1_226' title='bbox 1631 2864 1704 2903; x_wconf 85' lang='lat' dir='ltr'>ea</span> <span class='ocrx_word' id='word_1_227' title='bbox 1729 2868 1843 2925; x_wconf 83' lang='lat' dir='ltr'>pa-</span> 
     </span>
     <span class='ocr_line' id='line_1_33' title="bbox 462 2922 1846 3011; baseline 0.002 -22"><span class='ocrx_word' id='word_1_228' title='bbox 462 2936 703 3007; x_wconf 74' lang='lat' dir='ltr'>cataque</span> <span class='ocrx_word' id='word_1_229' title='bbox 735 2922 809 2987; x_wconf 81' lang='lat' dir='ltr'>ab</span> <span class='ocrx_word' id='word_1_230' title='bbox 827 2938 993 3011; x_wconf 83' lang='lat' dir='ltr'>tergo</span> <span class='ocrx_word' id='word_1_231' title='bbox 1007 2968 1012 2973; x_wconf 84' lang='lat'>-</span> <span class='ocrx_word' id='word_1_232' title='bbox 1028 2922 1490 3008; x_wconf 80' lang='lat' dir='ltr'>relinquebantur</span> <span class='ocrx_word' id='word_1_233' title='bbox 1507 2966 1526 2997; x_wconf 87' lang='lat'>,</span> <span class='ocrx_word' id='word_1_234' title='bbox 1561 2926 1846 2991; x_wconf 70' lang='lat' dir='ltr'>omnihus</span> 
     </span>
    </p>
   </div>
   <div class='ocr_carea' id='block_1_3' title="bbox 612 3182 623 3211">
    <p class='ocr_par' dir='ltr' id='par_1_3' title="bbox 612 3182 623 3211">
     <span class='ocr_line' id='line_1_34' title="bbox 612 3182 623 3211; baseline 0 0"><span class='ocrx_word' id='word_1_235' title='bbox 612 3182 623 3211; x_wconf 81' lang='grc'><strong><em>&lt;</em></strong></span> 
     </span>
    </p>
   </div>
   <div class='ocr_carea' id='block_1_4' title="bbox 1982 17 1992 1622">
    <p class='ocr_par' dir='ltr' id='par_1_4' title="bbox 1982 17 1992 1622">
     <span class='ocr_line' id='line_1_35' title="bbox 1982 17 1992 1622; baseline 0 0"><span class='ocrx_word' id='word_1_236' title='bbox 1982 17 1992 1622; x_wconf 95' lang='lat' dir='ltr'> </span> 
     </span>
    </p>
   </div>
   <div class='ocr_carea' id='block_1_5' title="bbox 1982 2514 1991 3639">
    <p class='ocr_par' dir='ltr' id='par_1_5' title="bbox 1982 2514 1991 3639">
     <span class='ocr_line' id='line_1_36' title="bbox 1982 2514 1991 3639; baseline 0 0"><span class='ocrx_word' id='word_1_237' title='bbox 1982 2514 1991 3639; x_wconf 95' lang='lat' dir='ltr'> </span> 
     </span>
    </p>
   </div>
  </div>
 </body>
</html>
