2004 3691
375 286 741 358 LIBER
838 287 1327 358 XXXIII.
1397 280 1527 382 '185

127 471 131 474 ,
175 415 385 484 paucos
405 421 655 485 captum.
677 401 924 464 Castella
947 405 1085 464 inde
1114 401 1536 500 duodetriginta
1556 415 1755 448 ——2

180 483 252 542 ad
279 481 572 544 consulem
617 485 970 546 defecerunt.
1012 484 1079 545 Id
1115 505 1346 566 quoque
1381 500 1534 556 ‘inter
1554 471 1759 574 33:232·

177 561 475 703 scriftores
497 567 831 648 ambigitur,
855 583 1047 625 utrum
1066 567 1125 624 in
1148 565 1323 625 Boios
1348 566 1533 646 prius,

177 663 248 702 an
307 643 538 704 nsubres
564 685 584 716 ‚
619 645 816 705 consul
861 649 1173 706 exercitum
1216 645 1538 718 induxerit,

176 723 582 805 adversamque
628 725 900 807 prospera
945 721 1135 808 pugna
1184 725 1537 785 obliterave-

177 803 249 862 rit
281 823 302 877 ;
336 824 407 862 an
431 803 670 864 vieioria
689 851 709 878 ‚
739 807 812 866 ad
843 804 1099 866 Comum
1122 823 1281 888 parta
1302 849 1322 879 ‚
1346 803 1537 866 defor-

177 901 331 942 mata
370 884 531 943 clade
570 887 628 945 in
665 886 823 946 Boiis
858 886 1095 967 accepta
1128 885 1215 946 fit.

259 962 572 1025 XXXVII.
613 965 732 1027 Sub
774 967 897 1028 haec
935 983 1053 1026 tam
1104 963 1259 1026 varia
1311 963 1541 1026 fortuna

179 1041 336 1126 gesta
360 1090 380 1119 ,
408 1044 474 1104 L.
503 1044 704 1106 Furius
731 1047 1025 1129 Purpureo
1050 1046 1191 1106 alter
1220 1045 1414 1105 consul
1434 1066 1539 1125 per

178 1124 391 1184 tribum
413 1122 744 1206 Sappiniam
774 1129 833 1187 in
863 1127 1044 1188 Boios
1072 1128 1250 1188 venit.
1279 1126 1403 1188 Jam
1433 1123 1541 1185 cas-

179 1219 272 1264 tro
310 1204 524 1266 Mutilo
563 1228 593 1265 a
637 1205 1093 1289 propinquabat,
1129 1227 1345 1286 quum,
1383 1207 1544 1267 veri-

183 1300 276 1344 tus
303 1306 378 1343 ne
407 1230 880 1348 intercaderetur
907 1287 1073 1348 fimul
1100 1309 1131 1346 a
1156 1287 1311 1348 Boiis
1330 1287 1548 1368 Liguri·

181 1363 403 1447 busque
424 1411 442 1439 ‚
477 1366 684 1429 eadem
714 1369 843 1441 via,
865 1369 978 1450 qua
1006 1367 1313 1429 adduxerat
1334 1414 1355 1443 ‚
1382 1366 1547 1426 redu·

181 1447 266 1504 xit
286 1491 306 1520 ‚
340 1447 404 1506 &
437 1467 646 1528 magno
683 1452 916 1510 circuitu
959 1469 1063 1529 per
1094 1465 1287 1526 aperta
1310 1492 1328 1520 ‚
1354 1465 1542 1526 eaque

183 1541 309 1585 tuta
333 1525 461 1602 luoca
475 1571 493 1599 ‚
515 1528 586 1587 ad
605 1529 884 1610 collegam
907 1531 1188 1607 pervenit.
1207 1525 1363 1587 Dein
1382 1524 1553 1602 iunc-'
1596 1548 1767 1604 umque

183 1607 258 1666 tis
277 1607 621 1670 exercitibus
650 1611 898 1689 primum
925 1607 1203 1669 Boiorum
1232 1627 1429 1690 agrum
1452 1603 1547 1665 us-
1568 1599 1755 1688 {sslgssm

187 1706 306 1768 que
340 1687 414 1746 ad
446 1687 724 1750 Felsinam
755 1688 1037 1770 oppidum
1058 1689 1404 1770 populantes
1470 1706 1551 1746 et·
1570 1709 1771 1770 agr-›³1²0-

188 1785 551 1850 agraverunt.
593 1767 678 1828 Ea
707 1769 842 1829 urbs
864 1814 884 1844 ‚
931 1788 1235 1861 ceteraque
1280 1708 1501 1828 castella
1528 1745 1745 1838 ‚pamm

189 1849 260 1911 81.
294 1848 428 1910 Boii
461 1848 584 1911 fere
626 1872 830 1911 omnes
853 1894 871 1922 ‚
915 1868 1119 1931 praeter
1152 1866 1509 1929 juventutem
1530 1892 1551 1923 ‚

231 1951 323 1989 uae
353 1930 642 2012 praedandi
668 1932 912 1991 caus'ain
942 1934 1109 1991 armis
1139 1948 1257 1991 erat
1287 1928 1463 2010 (tuuc
1492 1931 1555 1988 in

189 1950 396 2073 aevias
414 2009 607 2091 sylvas
627 2009 968 2091 recefferat)
995 2014 1053 2069 in
1075 2012 1431 2071 deditionem
1456 2030 1558 2069 ve-

189 2108 422 2150 nerunt.
460 2091 526 2150 In
561 2091 630 2151 Li
669 2114 797 2151 ures
835 2088 1045 2151 deinde
1085 2089 1369 2151 tradufius
1404 2111 1562 2150 exet-²-

191 2170 508 2231 citusAEoii
528 2192 640 2251 neg
664 2174 906 2255 igentius
931 2170 1191 2233 coafitum
1214 2191 1419 2252 agmen
1444 2170 1561 2230 Ro·

192 2272 502 2313 manorum
523 2296 542 2323 ‚
573 2248 706 2331 quia
730 2250 834 2332 ipsi
863 2252 1063 2331 procul
1091 2249 1273 2311 abesse
1300 2251 1561 2311 videren-

193 2346 292 2393 tur
317 2374 340 2401 ,
359 2332 676 2410 improvisi>
707 2330 1057 2413 aggressuros
1078 2330 1135 2391 se
1161 2332 1263 2391 rati
1282 2375 1301 2404 ‚
1328 2351 1433 2411 per
1462 2348 1563 2389 oc-

195 2412 391 2473 cultos
419 2410 584 2473 saltus
618 2412 794 2473 secuti
822 2411 986 2486 sunt;
1013 2432 1159 2493 quos
1186 2431 1306 2470 non
1333 2410 1561 2491 adepti,

195 2492 363 2557 Pado
394 2494 630 2573 repente
654 2493 893 2553 navibus
923 2489 1159 2569 trajeRO
1180 2534 1199 2562 ,
1232 2490 1439 2551 Laevos
1474 2490 1576 2549 Li.-

195 2570 462 2653 buosque
484 2594 657 2653 quum
671 2570 1069 2653 pei-vastassent
1083 2617 1102 2646 ‚
1118 2570 1565 2631 redeuntesinde

197 2655 480 2735 Ligurum
513 2669 770 2712 extremo
812 2650 963 2726 fine,
1006 2673 1137 2713 cum
1177 2648 1379 2730 agresti
1463 2671 1567 2709 1·ae-

201 2736 280 2797 da
307 2779 328 2807 ‚
362 2736 424 2792 in
467 2752 672 2813 agmen
713 2733 969 2793 incidunt
1009 2732 1355 2793 Romanum.
1456 2730 1581 2787 ele-'

198 2818 320 2875 rius
354 2814 622 2895 proelium
651 2811 940 2893 acriusque
976 2810 1365 2881 commissum,
1395 2807 1569 2885 quam

198 2896 248 2961 si
282 2913 552 2980 tempore
587 2893 838 2980 'locoque
878 2893 950 2957 ad
989 2910 1277 2959 certamen
1332 2886 1573 2952 destina-
