2004 3691
450 282 821 354 L1BER
919 281 1340 356 XXXII.
1453 305 1588 379 109

300 387 501 457 XXII.
557 396 883 460 seeundum
939 404 1264 462 orationem
1369 404 1590 462 raetoris'
1611 423 1812 459 εξ,

220 493 484 537 murmur
517 496 707 540 ortum
732 482 975 556 aliorum
1009 501 1144 542 curn
1177 480 1326 543 ass'en
1351 505 1387 543 u
1403 526 1423 558 ,
1450 483 1651 574 alio-y

1769 494 1817 530 μ

221 576 355 616 rum
373 559 753 621 inclementer
768 561 1123 624 ass'entientes
1141 566 1554 646 increpantium
1569 585 1590 638 ;
1637 545 1815 642 'Distu-3

224 634 435 715 &jam
468 661 589 701 non
622 639 825 724 singuli
843 647 1096 720 tantum,
1117 643 1216 704 sed
1249 645 1452 726 populi
1472 632 1664 705 uni-ss⁰
1696 641 1799 669 ‘'²⁸“

223 717 383 778 verfi
407 720 555 781 inter
578 719 637 782 se
662 724 1114 785 altercabantur:
1141 741 1266 785 tum
1293 727 1444 786 inter
1469 747 1592 787 ma-

224 795 491 879 gistratus
528 805 713 884 gentis
752 802 1142 888 (Damiurgos
1181 823 1396 868 vocant
1431 829 1445 868 :
1491 807 1596 868 de-

224 898 365 938 cem
424 901 666 944 numero
717 883 1022 967 creantur)
1065 903 1356 948 certamen
1407 887 1594 950 nihilh

227 956 459 1054 segnius
478 1004 497 1035 ,
531 961 705 1045 quam
737 966 885 1026 inter
924 966 1350 1028 multitudinem
1369 1011 1388 1041 ,
1434 967 1546 1030 ess‘e
1571 991 1592 1031 τ

224 1061 485 1124 qumque
519 1043 798 1106 relaturos
835 1045 893 1106 se
926 1047 999 1108 de
1019 1045 1292 1109 societate
1328 1047 1599 1110 Romana

223 1121 493 1196 aiebant,
530 1123 970 1209 suffragiumque
1002 1127 1236 1190 daturos
1269 1149 1291 1204 ;
1339 1131 1606 1212 quinque*

221 1201 363 1284 lege
396 1220 627 1265 cautum
666 1204 1015 1269 testabantur
1039 1253 1058 1283 ,
1095 1229 1170 1270 ne
1289 1209 1347 1269 id
1371 1253 1390 1282 ,
1432 1209 1597 1293 quod

223 1285 509 1345 adversus
539 1285 724 1368 Philip
768 1285 1138 1349 isocietatem
1177 1309 1208 1349 e
1253 1307 1348 1366 et,
1368 1307 1476 1350 -aut
1497 1310 1606 1351 re-·

228 1363 389 1426 ferre
418 1308 828 1447 magistratiEus
844 1413 863 1443 ,
886 1387 987 1430 aut
1000 1371 1314 1432 decernere
1343 1372 1597 1432 concilio

226 1443 329 1528 jus
366 1443 521 1507 esset.
560 1445 675 1508 Hic
708 1455 941 1532 quoque
962 1451 1088 1510 dies
1118 1448 1314 1534 jurgiis
1348 1450 1432 1512 est
1455 1473 1598 1513 con·

231 1525 513 1607 sumptu&
542 1524 847 1609 Supererat
880 1551 1028 1589 unus
1059 1529 1186 1610 justi
1215 1533 1442 1592 concilii
1471 1533 1598 1594 dies

230 1605 265 1690 (
288 1609 461 1667 tertio
494 1609 647 1668 enim
690 1609 785 1669 lex
812 1607 1047 1689 jubebat
1081 1611 1376 1672 decretum
1415 1611 1603 1694 fieri)

230 1691 297 1748 in
334 1707 510 1770 quem
542 1688 690 1749 adeo
727 1689 986 1751 exarsere
1015 1689 1230 1766 studia,
1261 1709 1326 1753 ut
1359 1695 1460 1753 vix
1495 1715 1612 1775 pa·-

228 1785 433 1831 rentes
473 1768 545 1829 ab
577 1769 767 1831 liberis
812 1775 1278 1853 temperaverint.
1316 1771 1600 1834 Rhifiasus

232 1850 629 1933 (Pellenenfis
651 1851 815 1934 erat)
836 1850 1022 1913 filium
1049 1852 1430 1937 Damiurgum
1446 1898 1465 1929 ,
1490 1876 1606 1915 no·-

232 1934 399 1994 mine
441 1931 823 1995 Memnonem
846 1978 869 2005 ‚
914 1934 1195 2007 habebat,
1242 1938 1416 2017 partis
1475 1933 1602 2014 ejus

232 2035 372 2097 quae
408 2013 703 2074 decretum
739 2016 992 2090 recitari,
1022 2019 1312 2097 perrogari
1355 2036 1430 2077 ue
1470 2014 1606 2078 sen-

230 2096 445 2155 tentias
484 2094 841 2176 prohibebat.
882 2094 939 2157 Is
961 2140 981 2170 ,
1025 2097 1126 2156 diu
1174 2096 1312 2158 obre
1365 2115 1488 2157 atus
1531 2096 1604 2158 fi-

204 2177 384 2238 -lium
410 2219 429 2250 ,
458 2194 523 2235 ut
558 2174 852 2236 consulere
889 2176 1146 2237 Achaeos
1180 2181 1476 2238 communi
1515 2177 1608 2239 sa·-

238 2257 355 2317 luti
366 2271 699 2337 pateretur,
734 2276 849 2317 neu
884 2258 1192 2337 pertinacia
1225 2256 1324 2319 sua
1366 2275 1606 2342 gentem

237 2335 563 2399 universam
589 2337 877 2418 perditum
898 2340 1039 2412 iret,
1074 2336 1202 2419 post
1283 2360 1374 2399 am
1397 2360 1610 2421 parum

236 2414 623 2500 proficiebant
666 2438 868 2500 preces
888 2462 909 2491 ,
939 2416 1155 2499 juratus
1203 2358 1280 2479 ff
1319 2439 1452 2479 eum
1505 2418 1610 2480 sua

236 2518 420 2559 manu
448 2500 923 2579 interempturum
943 2542 964 2571 ,
993 2518 1102 2559 nec
1143 2520 1252 2581 pro
1293 2497 1412 2561 filio
1442 2546 1461 2575 ,
1501 2495 1606 2561 sed

234 2598 353 2661 pro
386 2577 548 2640 hoste
566 2622 585 2651 ‚
612 2578 934 2640 habiturum
958 2622 978 2653 ,
1007 2580 1178 2640 minis
1249 2582 1451 2642 ervicit
1475 2623 1494 2655 ,
1539 2598 1604 2641 ut

236 2656 489 2801 3532?
520 2660 625 2822 εἱῑ,
658 2658 1240 2821 {tergeant
1264 2660 1604 2752 ‘³

476 2784 491 2800 ·
1578 2784 1606 2813 v

236 2821 515 2882 omnibus
559 2818 683 2880 fere
720 2822 950 2903 populis
988 2821 1143 2882 haud
1173 2820 1344 2881 dubie
1391 2842 1614 2914 approm·

228 2901 503 2971 bantibus
540 2900 882 2983 rplationem
902 2946 925 2981 ,
955 2922 1024 2967 ac
1051 2922 1170 2985 prae
1201 2900 1258 2967 se
1288 2898 1606 2982 ferennbuq

1611 681 1800 722 Aea-os.
