2004 3691
465 269 603 326 120
850 257 932 328 T.
1029 255 1452 328 L'JVIJ

232 385 431 434 ===
452 372 729 434 haberent
752 415 773 446 ,
810 376 986 436 creati
1009 418 1029 447 ,
1067 372 1154 435 M.
1181 371 1454 434 Servilius
1500 364 1796 434 Geminus
1819 377 1850 446 ζ

232 453 427 507 U.c.555.

454 451 541 533 Q.
580 453 873 522 Minucius
924 454 1214 516 Thermus
1249 497 1270 529 ,
1312 453 1410 514 Ti.
1452 451 1843 534 Sempronius

223 503 431 558 ‘'c'¹⁹⁷‘
451 533 705 616 Longus,
734 534 979 596 Deleau
1011 533 1291 618 rebusque
1323 535 1446 594 aliis
1478 535 1694 594 divinis
1731 534 1842 593 hu-

448 615 741 698 manisque
766 659 787 688 ,
830 637 957 698 quae
1007 637 1111 698 per
1153 614 1305 696 ipsos
1351 615 1574 696 agenda
1625 631 1793 686 erant
1813 658 1838 688 ,

450 695 757 836 perseflis,
791 696 1052 792 consules
1089 700 1264 756 ambo
1302 697 1359 754 in
1392 695 1653 796 Galliam
1687 715 1838 790 pro:-

284 791 429 878 cnffnsa-
480 775 603 837 ech.
634 774 941 838 Cornelius
978 775 1130 837 redita
1162 777 1236 836 ad
1263 775 1525 837 Insubres
1559 797 1694 849 via,
1727 793 1834 856 qul

254 841 435 939 2212'2‘2
452 874 579 920 tum
607 859 665 915 in
694 861 862 919 armis
894 875 1086 929 erant,
1109 853 1460 918 Cenomanis
1489 853 1784 936 assumptis
1803 877 1832 930 3

257 935 415 980 ‘²⁶²⁶‘-
450 935 539 1017 Q.
565 937 856 998 Minucius
910 941 970 998 in
1019 939 1168 998 laeva
1211 936 1388 998 Italiae
1440 937 1514 997 ad
1545 934 1830 1012 *Inferum

316 2946 321 2951 ‚
429 2866 507 2928 lia
548 2866 802 2951 paffuum
827 2914 849 2949 ‚
888 2871 953 2935 δι
996 2868 1191 2933 consul
1239 2868 1400 2935 Corn

446 1038 607 1080 mare
641 1019 801 1080 flexit
834 1022 985 1093 iter,
1017 1017 1284 1080 Genuam
1327 1039 1399 1078 ue
1434 1019 1684 1078 exercitu
1720 1017 1828 1076 ab-

447 1097 622 1160 duElo
657 1143 678 1172 ,
728 1100 799 1158 ab
854 1099 919 1160 Li
960 1100 1152 1160 uribus
1215 1041 1376 1160 orpus
1437 1097 1520 1158 est
1575 1097 1824 1158 bellum.

447 1179 691 1262 Oppida
726 1119 1068 1244 Clasticsium
1109 1181 1175 1240 &
1205 1179 1496 1240 Litubium
1519 1223 1539 1252 ,
1574 1195 1825 1259 utraque

447 1261 753 1342 Ligurum,
778 1262 844 1321 &
868 1261 995 1320 duae
1024 1262 1208 1342 gentis
1233 1257 1498 1340 'ejusdem
1523 1261 1824 1334 civitates,

450 1339 737 1402 Celelates
771 1338 1268 1422 Cerdiciatesque‚
1296 1339 1411 1401 sese
1451 1340 1824 1402 dediderunt.

451 1419 526 1481 Et
550 1419 665 1500 jam
694 1423 887 1482 omnia
912 1424 992 1481 cis
1019 1421 1264 1496 Padum,
1286 1437 1494 1502 praeter
1508 1419 1824 1482 Gallorum

450 1501 661 1574 Boios,
680 1500 891 1562 Ilvates
910 1501 1219 1584 Ligurum,
1239 1500 1338 1562 sub
1364 1502 1584 1562 ditione
1614 1518 1780 1562 erant
1799 1521 1818 1560 ε

446 1583 781 1662 quindecim
809 1583 1056 1664 oppida,
1077 1582 1380 1642 hominum
1408 1583 1608 1664 viginti
1638 1582 1825 1641 millia

444 1659 563 1723 effe
592 1663 949 1738 dicebantur,
972 1685 1100 1744 quae
1125 1661 1181 1724 se
1211 1663 1562 1724 dediderant.
1583 1661 1729 1723 Inde
1758 1665 1820 1722 in

444 1763 647 1826 agrum
678 1744 955 1804 Boiorum
989 1745 1248 1826 legiones
1284 1744 1461 1804 duxit.

529 1823 723 1885 XXX.
744 1823 1020 1885 Boiorum
1043 1829 1318 1885 exercitus
1345 1824 1498 1885 haud
1521 1826 1600 1885 ita
1625 1822 1819 1885 multb

448 1906 579 1964 ante
602 1904 900 1981 trajecerat
920 1906 1163 1981 Padum,
1185 1905 1562 1987 junxeratque
1587 1904 1646 1976 sev
1667 1904 1821 1967 Insu-

442 1985 640 2045 bribus
668 1988 731 2045 &
751 1984 1136 2061 Cenomanis,
1158 1986 1317 2068 qubd
1339 1988 1416 2046 ita
1438 2003 1818 2067 acceperant,

447 2064 759 2143 conjunffis
779 2066 1098 2205 lefiionibus
1117 2066 1376 2128 consules
1396 2086 1520 2127 rem
1533 2064 1818 2149 gesturos,

440 2162 512 2223 *ut
541 2148 604 2205 δι
626 2144 730 2226 ipfi
757 2168 827 2205 co
872 2165 992 2207 aras
1025 2151 1081 2207 in
1109 2169 1286 2208 unum
1315 2150 1466 2209 vires
1494 2146 1812 2209 firmarent.

442 2224 753 2307 Postquam
782 2226 938 2288 fama
968 2228 1173 2288 accidit
1190 2272 1210 2301 ‚
1237 2228 1476 2289 alterum
1511 2226 1815 2289 consulem-

441 2301 721 2366 Boiorum
742 2328 906 2367 urere
928 2308 1338 2390 agroS,seditio
1363 2309 1656 2390 extemplo
1681 2326 1810 2369 orta

444 2384 545 2447 est.
584 2386 871 2459 Postulare
910 2388 1076 2461 Boii,
1103 2406 1165 2449 ut
1199 2388 1586 2449 laborantibus
1623 2409 1810 2471 opem

445 2465 691 2527 universi
731 2466 959 2529 ferrent.
1011 2468 1272 2529 Insubres
1315 2490 1522 2553 negare
1547 2513 1566 2543 ,
1606 2468 1666 2529 se
1707 2469 1808 2529 sua

442 2546 786 2609 deserturos.
829 2547 917 2609 Ita
952 2548 1147 2609 divisae
1183 2552 1366 2630 copiae
1387 2596 1407 2625 ‚
1438 2548 1705 2631 Boiisque
1743 2553 1807 2611 in

436 2646 638 2707 agrum
674 2627 834 2687 suum
871 2631 1168 2689 tutandum
1207 2629 1511 2711 profefflS,
1540 2628 1806 2691 Insubres

438 2728 572 2766 cum
596 2704 945 2769 Cenomanis
974 2709 1140 2792 super
1168 2712 1348 2770 amnis
1376 2711 1584 2777 Mincii
1616 2714 1805 2793 ripam

434 2784 830 2848 consederunt.
844 2786 995 2849 Infra
1021 2810 1155 2849 eum
1180 2790 1375 2851 locum
1400 2842 1402 2845 ,
1443 2794 1654 2873 uinque
1681 2793 1807 2851 mil-

1401 2813 1546 2934 {lius
1601 2871 1806 2932 eidem

1577 2951 1812 3014 flumini
