2004 3691
406 202 794 279 LIBER
891 188 1336 279 XXXIV.
1419 184 1558 298 27‘7

179 315 282 383 ‘Ad
313 320 442 383 haec
479 322 803 403 Quintius:
827 327 1283 405 Quandoquidem
1299 370 1319 399 ‚
1346 324 1565 405 inquit,
1586 340 1779 375 ΞΕ

182 403 402 484 honesta
427 404 729 485 pensamus
743 450 766 478 ,
780 408 923 485 ficut
952 422 1053 465 aut
1070 403 1200 483 sola
1218 450 1244 478 ‚
1269 424 1367 465 aut
1380 406 1564 485 prima
1580 398 1779 496 25:23⁹·

183 484 318 543 certe*
343 483 577 565 pensari
611 490 756 546 decet
767 487 1005 568 principi
1028 486 1168 545 orbis
1203 505 1449 546 terrarum
1468 506 1569 565 po·
1718 457 1775 531 ‘⁹
1794 502 1807 515 ⁹

179 566 313 643 pulo
341 567 398 625 ὁ·
418 584 584 627 tanto
613 569 720 649 regi
742 589 768 640 ;
791 586 966 627 utrum
995 569 1212 627 tandem
1237 568 1451 627 videtur
1466 566 1566 625 lto-

183 646 385 725 nestius
399 692 424 719 ,
455 648 662 707 liberas
679 648 816 707 velle
833 670 1016 708 omnes
1028 692 1051 719 ,
1068 669 1184 729 quoe
1199 646 1391 726 ubique
1401 644 1534 725 siant
1542 662 1577 731 ς·

193 726 415 787 Graeciae
446 728 605 788 urbes
623 774 648 801 ,
679 750 758 787 an
779 724 970 809 fimas
1008 726 1062 787 δ’
1100 728 1384 811 νεᾶἱςαὶεε
1409 725 1567 807 sace·

191 827 241 864 re
267 810 303 867 ?
339 811 410 867 Si
429 810 550 888 sibi
582 810 895 869 Antiochus
921 807 1199 889 pulchrum
1230 807 1328 889 ff
1361 807 1565 888 unfit,

191 908 330 965 quas
361 890 522 948 urbes
533 911 781 970 proavus
815 888 940 949 belli
963 886 1088 969 jure
1121 890 1359 949 habuerit
1376 935 1399 963 ,
1424 890 1567 949 avui

181 984 446 1047 paterque
477 993 778 1051 numquam
799 969 1163 1053 usurpaverint
1177 992 1275 1051 pm
1290 972 1410 1047 suis
1426 1015 1448 1042 ,
1472 992 1567 1029 eas

193 1068 411 1127 repetere
451 1051 514 1111 in
537 1049 843 1130 scr-vitutem
859 1074 886 1124 ‚·
913 1051 968 1111 6·
983 1051 1227 1131 populus
1252 1050 1566 1121 Romanus,

177 1125 488 1209 fitfieptum
535 1134 902 1213 patrocinium
953 1133 1219 1191 libertatis
1266 1130 1566 1193 Graecorum

193 1231 302 1269 non
330 1210 562 1289 descrere
581 1258 606 1285 ,
625 1212 768 1295 fidei
809 1214 1220 1295 constantiaeque
1254 1210 1369 1289 fitae
1419 1212 1571 1275 ducit

197 1286 310 1368 ff.
356 1294 521 1353 Sicut
564 1315 602 1352 a
640 1292 902 1374 Philippo
955 1294 1221 1355 Graeciam
1266 1294 1568 1366 liberavit,

197 1372 276 1429 ita
314 1372 373 1431 6·
409 1376 486 1433 ab
523 1376 806 1435 Antiocho
843 1374 988 1453 Afiae
1029 1374 1217 1445 urbes,
1247 1396 1362 1455 quae
1407 1374 1571 1435 Graii

200 1454 438 1513 nominis
448 1457 567 1533 sint
586 1501 608 1527 ‚
643 1456 857 1515 liberare
878 1457 936 1515 in
962 1456 1143 1515 animo
1176 1456 1352 1515 habet.
1376 1456 1571 1535 Neque

200 1534 334 1591 enim
365 1536 425 1595 in
455 1536 742 1595 AEolidem
777 1536 1094 1615 Ioniamque
1131 1534 1355 1597 colonia
1391 1536 1450 1595 in
1461 1533 1571 1613 scr·

201 1614 424 1675 vitutem
455 1618 658 1698 regiam
706 1614 867 1694 miffae
889 1614 1026 1694 fient
1053 1639 1079 1688 ,-
1115 1614 1221 1693 fid
1241 1617 1426 1695 stirpis
1462 1638 1571 1675 au-

195 1697 378 1772 gendae
405 1698 588 1757 causa*
601 1742 620 1769 ,
637 1694 907 1779 gentisque
926 1696 1269 1777 vetustiffimae
1279 1717 1381 1777 per
1398 1697 1571 1755 orbem

203 1789 452 1837 terranem
469 1780 864 1862 propaganda:-

282 1855 442 1919 LIX.
482 1858 694 1938 Quum
729 1855 1010 1919 haefitaret
1040 1855 1395 1942 Hegesianax
1416 1902 1434 1930 ‚
1464 1877 1572 1918 nec

204 1933 442 1998 inficiari
520 1938 660 2000 offet
681 1984 702 2014 ,
727 1937 1120 2001 honestiorem
1160 1936 1381 1999 causam
1405 1938 1575 1999 liber·
1606 1979 1613 1986 -

209 2021 339 2077 tatis
360 2064 380 2092 ,
400 2042 579 2102 quam
596 2021 879 2083 servitutis
895 2063 916 2092 ,
940 2021 1177 2102 praetexi
1196 2020 1359 2080 titulo
1378 2042 1397 2095 3
1418 2023 1571 2102 Quin

211 2100 472 2162 mittimus
495 2102 745 2184 ambages
771 2103 806 2160 ?
840 2103 1027 2184 inquit
1046 2101 1106 2162 P.
1128 2097 1411 2183 Sulpicius
1427 2146 1446 2175 ‚
1476 2100 1575 2183 qui

209 2181 493 2242 maximus
527 2201 663 2242 natu
693 2203 766 2242 ex
803 2181 1008 2244 decem
1028 2181 1224 2264 legatis
1250 2199 1388 2243 erat.
1414 2183 1577 2248 Alte-{-

213 2280 323 2320 ram
347 2285 416 2323 ex
438 2265 656 2324 duabus
689 2265 1085 2324 conditionibus
1106 2307 1128 2334 ‚
1162 2283 1276 2342 quae
1314 2264 1471 2322 modo
1494 2265 1578 2322 di·

203 2337 337 2418 serti
360 2368 398 2403 a
423 2346 654 2424 Quintio
691 2347 831 2404 datae
853 2342 985 2421 sicnt
998 2388 1021 2414 ,
1040 2345 1194 2422 legite
1224 2365 1251 2414 ;
1285 2359 1383 2400 aut
1390 2340 1578 2421 fitperss

203 2417 378 2496 sedete
425 2425 493 2484 de
533 2426 780 2485 amicitia
826 2446 993 2506 agere.
1030 2425 1156 2482 Nos
1194 2421 1317 2480 νενὸ
1343 2465 1361 2491 ,
1394 2423 1579 2503 inqui't

211 2499 535 2588 Menippus
546 2551 569 2578 ,
599 2527 695 2566 nec
735 2506 986 2565 volumus
1005 2547 1024 2575 ‚
1063 2524 1160 2562 nec
1182 2499 1456 2583 poffitmus
1477 2509 1582 2586 pass·

219 2581 341 2660 cisti
392 2589 722 2668 quidquam,
765 2609 870 2666 quo
915 2605 1125 2666 regnum
1165 2583 1433 2643 Antiochi
1478 2586 1580 2643 mi:-

215 2683 432 2726 nuatur.
455 2665 688 2728 Postero
714 2665 805 2725 die
831 2664 1112 2744 Quintius·
1130 2663 1441 2746 legationes
1463 2667 1579 2723 uni·

221 2745 411 2806 versas
451 2743 690 2807 Graeciae
720 2743 986 2828 Afiaeque
1018 2766 1197 2828 quum
1231 2747 1287 2803 in
1325 2743 1579 2804 senatum

219 2824 650 2908 introduxiss'et‚
681 2845 743 2890 ut
778 2825 1013 2903 scirent,
1051 2826 1201 2909 quali
1235 2827 1425 2888 animo
1468 2843 1583 2912 po:
1672 2863 1677 2868 -
1762 2893 1794 2915 ἡ
