2004 3691
417 239 567 320 '204
811 229 889 302 T.
986 233 1401 302 L171'1

209 357 399 420 ξιξ
418 348 646 428 'culpam
685 349 1084 430 magistratuum
1173 351 1401 408 minens
1418 392 1441 421 ,
1479 345 1661 425 nesbit?
1692 355 1787 406 νἐιᾱ

209 423 392 518 fec-55⁷
431 428 514 487 bis
534 472 557 500 ,
599 430 837 501 tribuni,
872 449 968 488 an.
991 449 1091 487 con
1118 429 1299 488 ulibus
1323 473 1346 501 ,
1382 431 1555 510 magis
1593 430 1672 508 fit
1703 429 1786 484 de<-

237 497 251 514 ⁹
297 500 310 516 ⁰
327 491 406 527 ‘⁹⁵‘
415 507 613 588 fhrmis'
627 530 653 581 ;
675 510 834 570 vobis
855 553 878 580 ‚
890 505 1191 589 fiseminas
1214 512 1294 567 ad
1318 511 1680 568 concitandas
1698 508 1788 566 tri-

431 589 681 648 bunicias
704 586 996 666 seditiones
1028 586 1153 668 jam
1186 591 1495 670 adduxistis
1515 589 1551 661 ',·
1594 589 1749 648 nobis
1764 629 1786 658 ,

417 669 478 748 fi
505 684 566 726 ut
589 667 770 748 plebis
800 672 1072 748 quondam
1086 712 1109 740 ,
1127 669 1215 747 fic
1243 690 1386 729 nunc
1420 669 1701 728 mulierum
1712 665 1787 744 se-

431 747 646 826 ceffi'one
682 748 822 830 leges
853 751 1173 828 accipiendae
1187 747 1336 824 fient,
1374 749 1647 828 Equidem
1682 760 1782 807 n'on

416 829 535 907 fine
563 829 744 887 rubore
776 831 1010 908 quodam
1042 829 1220 908 paulo
1258 829 1385 888 ante*
1421 849 1525 907 per
1560 829 1786 886 medium

431 927 622 988 agmen
659 907 932 967 mulierum
954 905 1211 987 infhrum
1226 910 1464 988 perveni.
1496 909 1675 997 Qubd
1698 907 1793 985 nili

429 1009 513 1048 ute
543 991 861 1048 verecundia
878 989 1208 1069 singularum
1234 991 1407 1068 magis
1424 989 1719 1068 m'aJestatis
1736 987 1787 1046 ὅ·

423 1069 653 1154 pudoris
671 1112 693 1138 ,
727 1069 888 1146 quam
933 1065 1336 1144 universarum,
1390 1067 1638 1146 tenutffit
1666 1111 1687 1140 ,
1725 1090 1787 1127 ne

431 1147 763 1241 compellata
792 1171 830 1206 a
859 1145 1071 1225 confide
1109 1149 1449 1218 viderentur,
1490 1143 1734 1224 dixffm
1765 1168 1783 1206 .·
1868 1182 1877 1192 ·

430 1229 550 1306 Qut
579 1229 669 1286 hic
701 1249 818 1286 mos
849 1230 918 1310 est
948 1229 1007 1285 in
1033 1228 1314 1307 publicum
1332 1230 1707 1307 procurrendi,
1736 1227 1787 1287 e>

432 1307 700 1385 obsidendi
727 1310 860 1366 vias
871 1351 893 1377 ,
925 1307 980 1366 6·
999 1309 1148 1367 viros
1182 1309 1392 1367 alienos
1424 1309 1785 1388 appellandi?

429 1386 586 1466 Istud
616 1384 786 1466 ipfitm
823 1385 960 1464 suos
1009 1409 1229 1466 quaeque
1266 1390 1410 1447 domi
1456 1409 1640 1469 rogare
1681 1409 1787 1452 non

421 1468 681 1547 potuistis
708 1469 742 1525 ἓ
770 1467 870 1525 An
900 1467 1203 1526 blandiores
1245 1469 1303 1526 in
1333 1469 1557 1548 publico
1580 1514 1603 1540 ,
1634 1469 1787 1548 qua'm

429 1547 490 1604 in
517 1549 736 1625 privato
751 1591 774 1618 ,
811 1547 874 1605 6*
900 1547 1100 1605 alienis
1119 1591 1141 1618 ,
1174 1547 1334 1626 qucim
1362 1550 1541 1630 vestris
1558 1594 1581 1620 ,
1619 1552 1736 1630 estis
1750 1552 1783 1610 ?

431 1628 780 1704 Quamquam
805 1649 872 1686 ne
899 1629 1047 1685 domi
1082 1629 1291 1706 quidem
1324 1649 1459 1699 vos,
1483 1630 1541 1708 fi
1566 1629 1667 1708 fici
1692 1627 1787 1709 ju·

427 1708 503 1765 n‘s
525 1707 740 1784 finibus
779 1723 1054 1765 matronas
1090 1709 1378 1767 contineret
1409 1711 1634 1788 pudor,
1675 1729 1786 1789 quae

427 1785 570 1868 leges
601 1787 690 1845 hic
723 1804 1062 1877 rogarentur,
1102 1788 1537 1869 abrogarenturve
1550 1833 1576 1861 ,
1610 1811 1786 1850 curare

428 1868 622 1925 decuit.
647 1869 896 1947 MaJores
924 1870 1081 1948 nostri
1097 1912 1118 1937 ,
1141 1870 1351 1927 nullam
1368 1913 1390 1940 ,
1422 1892 1491 1927 ne
1504 1873 1785 1949 privatam

429 1948 640 2025 quidem
661 1992 682 2018 ‚
710 1968 811 2005 rem
837 1968 984 2028 agere
999 1944 1244 2026 ftminas
1259 1948 1383 2026 fine
1413 1950 1623 2010 aut-lore
1639 1996 1662 2022 ,
1690 1974 1786 2011 νο·

424 2026 637 2086 luerunt
670 2048 696 2098 ;
723 2028 780 2085 in
819 2048 985 2086 manu
1026 2026 1121 2107 effi
1159 2047 1441 2108 parentum
1461 2074 1483 2101 ,
1503 2028 1739 2109 fratrum
1759 2076 1782 2103 ,

423 2109 655 2167 virorum
683 2128 700 2165 .·
728 2127 830 2166 nos
925 2131 945 2164 1
965 2109 1078 2166 diis
1089 2107 1274 2188 placet
1289 2107 1321 2188 )
1335 2106 1453 2183 jam
1473 2113 1639 2171 etiam
1662 2134 1783 2171 rem-

415 2187 698 2266 publicam
727 2208 856 2265 cape
899 2210 976 2245 ere
1007 2209 1101 2247 eas
1100 2190 1367 2327 ζατίηιην
1381 2233 1405 2261 ‚
1436 2190 1491 2249 6·
1506 2188 1643 2269 foro
1706 2214 1787 2251 m-

418 2269 492 2347 pe
511 2310 533 2337 ‚
569 2267 624 2326 6·
665 2268 1016 2326 concionibus
1039 2312 1064 2338 ,
1208 2270 1441 2328 comitiis
1487 2271 1643 2330 immi
1666 2275 1781 2335 ceri.

424 2348 586 2425 Quid
618 2347 756 2406 enim
771 2338 934 2407 'nunc
963 2347 1128 2405 aliud
1143 2368 1245 2427 per
1283 2350 1413 2408 vias
1448 2349 1505 2409 6·
1544 2356 1787 2433 compita

408 2424 637 2504 ficiunt
651 2469 677 2497 ,
703 2426 864 2505 quam
896 2430 1199 2509 rogationes
1244 2429 1567 2489 tribunorum
1606 2434 1784 2512 plebis

410 2502 644 2583 suadent
663 2549 686 2577 ,
715 2507 842 2565 alia
890 2508 1052 2587 legem
1092 2508 1455 2587 abrogandam
1504 2511 1717 2588 cenfint
1748 2514 1783 2572 ἓ

368 2608 376 2614 ·
422 2588 576 2645 Date
579 2583 770 2663 fienos
787 2588 1064 2665 impotenti
1078 2606 1279 2647 natura
1298 2589 1355 2648 ὃ·
1370 2592 1637 2652 indomito
1662 2595 1783 2652 ani-

423 2665 595 2734 mali,
628 2665 683 2724 6·
696 2664 909 2744 sperate
931 2665 1078 2745 ipsas
1100 2670 1312 2727 modum
1344 2670 1571 2730 licentiae
1595 2670 1779 2751 fadu-

420 2764 512 2803 ras
533 2788 555 2818 ,
587 2745 695 2823 nisi
721 2766 822 2803 vos
845 2742 1101 2823 feceritis.
1138 2750 1432 2808 Minimum
1467 2752 1570 2811 hoc
1605 2774 1776 2813 eorum

418 2826 489 2907 est
502 2868 526 2899 ,
555 2846 670 2908 quae
697 2826 886 2908 iniquo
917 2828 1101 2891 animo
1122 2825 1345 2911 ftminae
1364 2830 1473 2919 sibi
1492 2850 1612 2893 aut-
1629 2836 1779 2912 morit
