2004 3691
416 288 550 360 162
801 289 875 360 T.
970 261 1392 360 Ltr1'1

196 438 389 472 ====
414 408 502 468 dis
535 423 765 490 tempus
798 407 1012 470 teritur.
1052 405 1286 466 Interim
1313 405 1486 478 animi
1523 423 1734 468 eorum
1756 417 1793 482 ᾖ

198 494 372 587 ”3⁴55
454 494 513 550 ui
527 487 939 549 Stratoniceam
965 487 1224 568 praefidio
1244 487 1582 548 obtinebant
1597 531 1620 560 ,
1645 509 1794 548 con-

195 555 236 586 ⁸⁸
280 557 395 597 '¹⁹⁷'
458 573 622 630 rmati
656 568 980 645 sunt3mox
1020 571 1085 631 &
1125 567 1468 634 Dinocrates
1501 590 1640 628 cum
1671 571 1742 629 iis
1765 611 1791 642 ,

414 673 543 734 quae
606 651 769 712 roelio
786 651 1152 731 supererant,
1183 671 1254 709 co
1299 651 1365 708 iis
1397 651 1635 710 intravit
1658 671 1792 710 mu·

412 749 530 793 ros.
620 732 967 814 equidquam
998 731 1135 790 inde
1174 729 1251 789 ob
1279 727 1388 790 essa
1417 749 1792 812 oppugnata-

419 833 532 895 que
565 813 699 872 urbs
742 811 825 874 est
866 834 885 886 3
918 813 1128 894 recipi,
1161 811 1265 871 nisi
1297 811 1583 890 aliquanto
1654 809 1747 870 ost
1767 855 1794 886 ,

466 915 528 954 er
554 893 907 954 Antiochum
944 913 1065 953 non
1099 893 1300 974 potuit.
1335 891 1477 950 Haec
1506 893 1568 951 in
1654 889 1793 951 hes-

418 913 552 1035 palia
568 1019 587 1048 ,
616 974 738 1034 haec
768 977 826 1034 in
849 973 1101 1045 Achaia,
1134 973 1256 1032 haec
1291 977 1350 1031 in
1373 970 1506 1033 Asia
1527 993 1637 1054 per
1658 967 1796 1032 eos-

422 1055 559 1116 dem
594 1056 717 1116 dies
754 1055 937 1116 ferme
967 1051 1138 1138 gesta.

247 1143 407 1198 Phfflp·
505 1135 666 1197 XIX.
698 1135 881 1218 Philip
926 1157 990 1195 us
1023 1155 1200 1216 quum
1241 1131 1476 1195 audisset
1498 1179 1517 1209 ,
1552 1131 1794 1194 Darda·

198 1195 403 1286 ¹2:23&
423 1237 531 1286 nos
552 1262 573 1291 ,
599 1215 842 1300 transgre
888 1237 954 1276 os
985 1213 1129 1276 fines
1160 1215 1229 1275 ab
1263 1231 1600 1296 contemptu
1639 1236 1794 1276 con-

204 1295 332 1336 “⁴²¹⁵
424 1295 675 1358 concuffi
702 1313 828 1358 tum
866 1297 1066 1381 regni,
1096 1293 1385 1379 superiora
1417 1294 1794 1358 Macedoniae

426 1376 717 1449 evastare,
752 1377 1014 1460 quamvis
1047 1392 1176 1438 toto
1208 1376 1392 1459 prope
1430 1375 1570 1436 orbe
1607 1392 1794 1438 terra-

425 1479 591 1532 rum,
628 1457 881 1540 undique
918 1455 976 1518 se
1011 1454 1246 1538 suosque
1287 1457 1623 1539 profligante
1663 1455 1798 1516 for-

424 1541 601 1614 tuna,
630 1538 933 1622 urgebatur
953 1582 972 1612 ‚
1007 1556 1200 1598 tamen
1235 1540 1424 1598 morte
1461 1533 1666 1598 tristius
1703 1560 1797 1599 ra-

425 1635 561 1693 ῑιις,
598 1619 958 1681 Macedoniae
1004 1621 1174 1679 etiam
1223 1616 1557 1700 poss'effione
1601 1619 1743 1700 pelli
1766 1665 1795 1703 9

431 1701 653 1762 delestu
691 1704 893 1782 raptim
923 1720 1028 1782 per
1063 1701 1232 1761 urbes
1265 1699 1658 1761 Macedonum
1687 1699 1797 1762 ha-

430 1783 597 1855 bito,
628 1804 759 1842 cum
791 1781 885 1842 sex
920 1781 1170 1840 millibus
1212 1782 1470 1864 peditum
1513 1781 1578 1841 &
1622 1784 1798 1865 quin-

432 1865 618 1951 gentis
650 1864 933 1945 equitibus
967 1865 1114 1924 circa
1152 1860 1363 1925 Stobos
1395 1863 1640 1925 Paeoniae
1683 1866 1798 1925 im·

477 1945 672 2006 rovisb
707 1940 895 2003 hostes
926 1941 1215 2024 oppreffit.
1243 1944 1452 2027 Magna
1479 1943 1796 2005 multitudo

431 1966 733 2085 Bominum
768 2026 825 2083 in
860 2024 1068 2106 proelio
1089 2069 1108 2098 ‚
1138 2022 1322 2105 major
1357 2024 1652 2107 praedandi
1691 2048 1798 2087 cu·-

480 2104 632 2163 idine
667 2104 850 2185 palata
886 2124 991 2185 per
1023 2124 1188 2187 agros
1226 2104 1365 2165 caesa
1401 2102 1482 2167 est
1523 2127 1539 2166 ε
1583 2106 1796 2187 quibus

540 2205 573 2242 a
611 2185 929 2266 expeditior
976 2184 1081 2245 fuit
1104 2231 1123 2261 ‚
1163 2206 1235 2245 ne
1286 2201 1502 2247 tentato
1597 2186 1798 2247 uideni

438 2204 569 2327 αἱ]
589 2286 793 2349 pugnae
815 2310 833 2339 ,
850 2268 909 2327 in
929 2264 1074 2326 fines
1093 2265 1223 2327 suos
1245 2268 1548 2329 redierunt.
1629 2267 1662 2327 ἃ
1679 2266 1799 2329 unii

444 2356 479 2407 'e
560 2346 813 2407 editione
837 2368 954 2407 non
987 2367 1095 2429 pro
1131 2348 1354 2431 reliquo
1376 2346 1518 2410 statu
1552 2346 1800 2413 fortunae

444 2366 589 2489 ΐζὲἳὲι
609 2472 628 2499 ,
668 2426 884 2491 refeffis
916 2426 1142 2487 suorum
1171 2430 1369 2491 animis
1389 2472 1409 2501 ,
1449 2426 1805 2492 Thessaloni·

194 2581 199 2585 ἢ
236 2531 424 2574 Annum
446 2528 573 2567 cam
601 2506 715 2567 sese
748 2512 979 2591 recepit.
1007 2508 1147 2569 Non
1167 2527 1282 2569 tam
1317 2512 1375 2569 in
1407 2526 1674 2591 tempore
1693 2510 1804 2571 Pu-

225 2578 421 2669 {3532}
448 2588 637 2652 nicum
674 2588 892 2651 bellum
924 2591 1287 2649 terminatum
1325 2606 1483 2665 erat,
1523 2611 1598 2651 ne
1634 2587 1802 2653 fimul

228 2692 312 2719 aas·
449 2668 680 2735 &eum
710 2668 972 2761 Philippo
1021 2668 1172 2732 foret
1213 2671 1540 2736 bellandum
1561 2714 1582 2743 ‚
1624 2670 1804 2753 quam

448 2750 775 2829 opportune
801 2794 820 2823 ‚
857 2772 972 2831 jam
1022 2750 1314 2819 Antiocho
1362 2756 1421 2813 in
1459 2750 1628 2831 Syria
1672 2774 1807 2812 mo-

447 2830 623 2895 liente
674 2830 889 2893 bellum
921 2877 941 2907 ‚
972 2830 1267 2915 Philippus
1318 2831 1398 2892 est
1453 2830 1745 2914 superatus
1785 2854 1805 2913 ς

448 2929 583 2977 uam
604 2955 625 2990 ,
658 2928 1038 3002 praeterquam
1078 2914 1236 3001 qubd
1270 2911 1484 2979 facilius
1524 2934 1658 2979 cum
1699 2911 1811 2988 smq
