<?xml version="1.0" encoding="UTF-8"?>
<!DOCTYPE html PUBLIC "-//W3C//DTD XHTML 1.0 Transitional//EN"
    "http://www.w3.org/TR/xhtml1/DTD/xhtml1-transitional.dtd">
<html xmlns="http://www.w3.org/1999/xhtml" xml:lang="en" lang="en">
 <head>
  <title>
</title>
<meta http-equiv="Content-Type" content="text/html;charset=utf-8" />
  <meta name='ocr-system' content='tesseract 3.04.00' />
  <meta name='ocr-capabilities' content='ocr_page ocr_carea ocr_par ocr_line ocrx_word'/>
</head>
<body>
  <div class='ocr_page' id='page_1' title='image "./titiliviipatavi01lallgoog_0114.png"; bbox 0 0 2004 3691; ppageno 0'>
   <div class='ocr_carea' id='block_1_1' title="bbox 454 257 1468 358">
    <p class='ocr_par' dir='ltr' id='par_1_1' title="bbox 454 257 1468 358">
     <span class='ocr_line' id='line_1_1' title="bbox 454 257 1468 358; baseline 0.005 -27"><span class='ocrx_word' id='word_1_1' title='bbox 454 257 564 358; x_wconf 67' lang='lat'>&#39;98</span> <span class='ocrx_word' id='word_1_2' title='bbox 866 261 1468 337; x_wconf 68' lang='lat' dir='ltr'><em>T.L1711</em></span> 
     </span>
    </p>
   </div>
   <div class='ocr_carea' id='block_1_2' title="bbox 212 375 1971 2893">
    <p class='ocr_par' dir='ltr' id='par_1_2' title="bbox 235 375 1849 950">
     <span class='ocr_line' id='line_1_2' title="bbox 240 375 1849 464; baseline 0.002 -20"><span class='ocrx_word' id='word_1_3' title='bbox 240 393 451 444; x_wconf 47' lang='lat' dir='ltr'>ium</span> <span class='ocrx_word' id='word_1_4' title='bbox 470 381 576 464; x_wconf 91' lang='lat' dir='ltr'>pit.</span> <span class='ocrx_word' id='word_1_5' title='bbox 615 375 1071 464; x_wconf 80' lang='lat' dir='ltr'>oppidanorum</span> <span class='ocrx_word' id='word_1_6' title='bbox 1117 383 1308 444; x_wconf 82' lang='lat' dir='ltr'>omnis</span> <span class='ocrx_word' id='word_1_7' title='bbox 1354 380 1672 446; x_wconf 83' lang='lat' dir='ltr'>multitudo</span> <span class='ocrx_word' id='word_1_8' title='bbox 1713 401 1849 448; x_wconf 80' lang='lat' dir='ltr'>cum</span> 
     </span>
     <span class='ocr_line' id='line_1_3' title="bbox 246 457 1848 559; baseline 0.006 -42"><span class='ocrx_word' id='word_1_9' title='bbox 246 464 450 559; x_wconf 52' lang='lat' dir='ltr'>{fec-353</span> <span class='ocrx_word' id='word_1_10' title='bbox 471 457 813 544; x_wconf 74' lang='lat' dir='ltr'>conjugibus</span> <span class='ocrx_word' id='word_1_11' title='bbox 856 483 924 523; x_wconf 92' lang='lat' dir='ltr'>ac</span> <span class='ocrx_word' id='word_1_12' title='bbox 958 464 1154 524; x_wconf 87' lang='lat' dir='ltr'>liberis</span> <span class='ocrx_word' id='word_1_13' title='bbox 1201 467 1262 524; x_wconf 92' lang='lat' dir='ltr'>in</span> <span class='ocrx_word' id='word_1_14' title='bbox 1298 485 1490 525; x_wconf 85' lang='lat' dir='ltr'>arcem</span> <span class='ocrx_word' id='word_1_15' title='bbox 1527 464 1796 550; x_wconf 84' lang='lat' dir='ltr'><strong>confugit</strong></span> <span class='ocrx_word' id='word_1_16' title='bbox 1823 491 1848 544; x_wconf 90' lang='lat'>;</span> 
     </span>
     <span class='ocr_line' id='line_1_4' title="bbox 238 529 1847 608; baseline 0.002 -4"><span class='ocrx_word' id='word_1_17' title='bbox 238 541 243 548; x_wconf 80' lang='grc'><strong>’</strong></span> <span class='ocrx_word' id='word_1_18' title='bbox 334 543 347 556; x_wconf 87' lang='grc'><strong>“</strong></span> <span class='ocrx_word' id='word_1_19' title='bbox 384 529 411 569; x_wconf 82' lang='lat'>⁹</span> <span class='ocrx_word' id='word_1_20' title='bbox 436 541 447 555; x_wconf 84' lang='lat'>&#39;</span> <span class='ocrx_word' id='word_1_21' title='bbox 469 544 683 604; x_wconf 85' lang='lat' dir='ltr'>deinde</span> <span class='ocrx_word' id='word_1_22' title='bbox 717 546 780 604; x_wconf 89' lang='lat' dir='ltr'>in</span> <span class='ocrx_word' id='word_1_23' title='bbox 814 543 1179 606; x_wconf 89' lang='lat' dir='ltr'>deditionem</span> <span class='ocrx_word' id='word_1_24' title='bbox 1211 547 1396 606; x_wconf 82' lang='lat' dir='ltr'>venit.</span> <span class='ocrx_word' id='word_1_25' title='bbox 1433 544 1699 607; x_wconf 69' lang='lat' dir='ltr'>Pecuniae</span> <span class='ocrx_word' id='word_1_26' title='bbox 1744 569 1847 608; x_wconf 83' lang='lat' dir='ltr'>au·-</span> 
     </span>
     <span class='ocr_line' id='line_1_5' title="bbox 464 625 1840 708; baseline 0.003 -22"><span class='ocrx_word' id='word_1_27' title='bbox 464 627 632 706; x_wconf 78' lang='lat' dir='ltr'>rique</span> <span class='ocrx_word' id='word_1_28' title='bbox 670 626 739 687; x_wconf 73' lang='grc' dir='ltr'>ὅ(</span> <span class='ocrx_word' id='word_1_29' title='bbox 778 628 997 708; x_wconf 81' lang='lat' dir='ltr'><strong>argenti</strong></span> <span class='ocrx_word' id='word_1_30' title='bbox 1034 625 1186 686; x_wconf 85' lang='lat' dir='ltr'>haud</span> <span class='ocrx_word' id='word_1_31' title='bbox 1220 625 1352 687; x_wconf 69' lang='lat' dir='ltr'>sane</span> <span class='ocrx_word' id='word_1_32' title='bbox 1387 627 1638 686; x_wconf 85' lang='lat' dir='ltr'>multum</span> <span class='ocrx_word' id='word_1_33' title='bbox 1677 627 1791 690; x_wconf 89' lang='lat' dir='ltr'>fuit</span> <span class='ocrx_word' id='word_1_34' title='bbox 1823 651 1840 690; x_wconf 77' lang='grc' dir='ltr'><em>τ</em></span> 
     </span>
     <span class='ocr_line' id='line_1_6' title="bbox 450 705 1844 790; baseline 0.004 -24"><span class='ocrx_word' id='word_1_35' title='bbox 450 705 665 788; x_wconf 83' lang='lat' dir='ltr'>-figna,</span> <span class='ocrx_word' id='word_1_36' title='bbox 695 706 907 766; x_wconf 83' lang='lat' dir='ltr'>tabulae</span> <span class='ocrx_word' id='word_1_37' title='bbox 942 706 1138 788; x_wconf 84' lang='lat' dir='ltr'>priscae</span> <span class='ocrx_word' id='word_1_38' title='bbox 1175 709 1310 768; x_wconf 85' lang='lat' dir='ltr'>artis</span> <span class='ocrx_word' id='word_1_39' title='bbox 1331 753 1352 782; x_wconf 89' lang='lat'><strong>,</strong></span> <span class='ocrx_word' id='word_1_40' title='bbox 1384 726 1844 790; x_wconf 84' lang='lat' dir='ltr'>ornamentaque</span> 
     </span>
     <span class='ocr_line' id='line_1_7' title="bbox 448 784 1844 874; baseline 0 -26"><span class='ocrx_word' id='word_1_41' title='bbox 448 784 591 866; x_wconf 56' lang='lat' dir='ltr'>cius</span> <span class='ocrx_word' id='word_1_42' title='bbox 632 789 859 869; x_wconf 84' lang='lat' dir='ltr'>generis</span> <span class='ocrx_word' id='word_1_43' title='bbox 886 787 1052 868; x_wconf 87' lang='lat' dir='ltr'>plura</span> <span class='ocrx_word' id='word_1_44' title='bbox 1070 832 1090 861; x_wconf 88' lang='lat'><strong>,</strong></span> <span class='ocrx_word' id='word_1_45' title='bbox 1118 787 1291 870; x_wconf 64' lang='lat' dir='ltr'>quam</span> <span class='ocrx_word' id='word_1_46' title='bbox 1313 809 1422 870; x_wconf 88' lang='lat' dir='ltr'>pro</span> <span class='ocrx_word' id='word_1_47' title='bbox 1449 790 1604 848; x_wconf 86' lang='lat' dir='ltr'>urbis</span> <span class='ocrx_word' id='word_1_48' title='bbox 1627 793 1844 874; x_wconf 82' lang='lat' dir='ltr'>magni-</span> 
     </span>
     <span class='ocr_line' id='line_1_8' title="bbox 235 867 1610 950; baseline 0.002 -22"><span class='ocrx_word' id='word_1_49' title='bbox 235 903 243 915; x_wconf 92' lang='lat'><strong>·</strong></span> <span class='ocrx_word' id='word_1_50' title='bbox 464 868 666 928; x_wconf 82' lang='lat' dir='ltr'>tudine</span> <span class='ocrx_word' id='word_1_51' title='bbox 693 885 789 928; x_wconf 87' lang='lat' dir='ltr'>aut</span> <span class='ocrx_word' id='word_1_52' title='bbox 824 867 1038 950; x_wconf 88' lang='lat' dir='ltr'>opibus</span> <span class='ocrx_word' id='word_1_53' title='bbox 1066 871 1273 930; x_wconf 89' lang='lat' dir='ltr'>ceteris</span> <span class='ocrx_word' id='word_1_54' title='bbox 1294 914 1316 944; x_wconf 92' lang='lat'>‚</span> <span class='ocrx_word' id='word_1_55' title='bbox 1355 871 1610 931; x_wconf 84' lang='lat' dir='ltr'>inventa.</span> 
     </span>
    </p>

    <p class='ocr_par' dir='ltr' id='par_1_3' title="bbox 242 945 1971 1356">
     <span class='ocr_line' id='line_1_9' title="bbox 270 945 1846 1032; baseline 0.002 -22"><span class='ocrx_word' id='word_1_56' title='bbox 270 949 443 1002; x_wconf 53' lang='lat' dir='ltr'>“Off“</span> <span class='ocrx_word' id='word_1_57' title='bbox 547 948 666 1010; x_wconf 87' lang='lat' dir='ltr'>XV</span> <span class='ocrx_word' id='word_1_58' title='bbox 669 947 751 1010; x_wconf 79' lang='grc' dir='ltr'>ΙΙ.</span> <span class='ocrx_word' id='word_1_59' title='bbox 788 945 1074 1030; x_wconf 88' lang='lat' dir='ltr'>Carystus</span> <span class='ocrx_word' id='word_1_60' title='bbox 1107 949 1256 1028; x_wconf 35' lang='lat' dir='ltr'>inde·</span> <span class='ocrx_word' id='word_1_61' title='bbox 1291 953 1536 1032; x_wconf 85' lang='lat' dir='ltr'>repetita</span> <span class='ocrx_word' id='word_1_62' title='bbox 1579 973 1601 1026; x_wconf 88' lang='lat'>;</span> <span class='ocrx_word' id='word_1_63' title='bbox 1641 951 1846 1028; x_wconf 80' lang='lat' dir='ltr'>unde,&#39;</span> 
     </span>
     <span class='ocr_line' id='line_1_10' title="bbox 242 1013 1837 1114; baseline 0.001 -24"><span class='ocrx_word' id='word_1_64' title='bbox 242 1013 379 1054; x_wconf 55' lang='lat' dir='ltr'>“W‘’</span> <span class='ocrx_word' id='word_1_65' title='bbox 446 1029 791 1114; x_wconf 69' lang='lat' dir='ltr'>priusquam</span> <span class='ocrx_word' id='word_1_66' title='bbox 818 1051 853 1090; x_wconf 90' lang='lat' dir='ltr'>e</span> <span class='ocrx_word' id='word_1_67' title='bbox 881 1031 1126 1092; x_wconf 85' lang='lat' dir='ltr'>navibus</span> <span class='ocrx_word' id='word_1_68' title='bbox 1155 1033 1340 1114; x_wconf 79' lang='lat' dir='ltr'>copiae</span> <span class='ocrx_word' id='word_1_69' title='bbox 1373 1047 1837 1114; x_wconf 80' lang='lat' dir='ltr'>exponerentur,</span> 
     </span>
     <span class='ocr_line' id='line_1_11' title="bbox 464 1110 1971 1196; baseline 0.003 -24"><span class='ocrx_word' id='word_1_70' title='bbox 464 1114 656 1172; x_wconf 85' lang='lat' dir='ltr'>omnis</span> <span class='ocrx_word' id='word_1_71' title='bbox 680 1111 988 1172; x_wconf 82' lang='lat' dir='ltr'>multitudo</span> <span class='ocrx_word' id='word_1_72' title='bbox 1008 1155 1029 1186; x_wconf 90' lang='lat'>,</span> <span class='ocrx_word' id='word_1_73' title='bbox 1060 1112 1203 1173; x_wconf 87' lang='lat' dir='ltr'>urbe</span> <span class='ocrx_word' id='word_1_74' title='bbox 1241 1110 1499 1185; x_wconf 71' lang='lat' dir='ltr'>deserta,</span> <span class='ocrx_word' id='word_1_75' title='bbox 1535 1114 1594 1172; x_wconf 89' lang='lat' dir='ltr'>in</span> <span class='ocrx_word' id='word_1_76' title='bbox 1637 1133 1838 1176; x_wconf 84' lang='lat' dir='ltr'>arcem</span> <span class='ocrx_word' id='word_1_77' title='bbox 1970 1131 1971 1196; x_wconf 38' lang='grc' dir='ltr'>ἦ</span> 
     </span>
     <span class='ocr_line' id='line_1_12' title="bbox 461 1190 1971 1278; baseline 0.002 -25"><span class='ocrx_word' id='word_1_78' title='bbox 461 1192 743 1274; x_wconf 84' lang='lat' dir='ltr'>confugit.</span> <span class='ocrx_word' id='word_1_79' title='bbox 782 1190 927 1252; x_wconf 92' lang='lat' dir='ltr'>Inde</span> <span class='ocrx_word' id='word_1_80' title='bbox 966 1193 1042 1252; x_wconf 86' lang='lat' dir='ltr'>ad</span> <span class='ocrx_word' id='word_1_81' title='bbox 1079 1191 1260 1254; x_wconf 87' lang='lat' dir='ltr'>fidem</span> <span class='ocrx_word' id='word_1_82' title='bbox 1295 1192 1367 1252; x_wconf 85' lang='lat' dir='ltr'>ab</span> <span class='ocrx_word' id='word_1_83' title='bbox 1410 1191 1685 1254; x_wconf 85' lang='lat' dir='ltr'>Romano</span> <span class='ocrx_word' id='word_1_84' title='bbox 1729 1217 1838 1278; x_wconf 88' lang='lat' dir='ltr'>pe·-</span> <span class='ocrx_word' id='word_1_85' title='bbox 1969 1197 1971 1268; x_wconf 67' lang='lat'>}</span> 
     </span>
     <span class='ocr_line' id='line_1_13' title="bbox 458 1273 1971 1356; baseline 0.001 -23"><span class='ocrx_word' id='word_1_86' title='bbox 458 1273 699 1334; x_wconf 82' lang='lat' dir='ltr'>tendam</span> <span class='ocrx_word' id='word_1_87' title='bbox 717 1289 975 1333; x_wconf 89' lang='lat' dir='ltr'>oratores</span> <span class='ocrx_word' id='word_1_88' title='bbox 994 1274 1258 1334; x_wconf 86' lang='lat' dir='ltr'>mittunt:</span> <span class='ocrx_word' id='word_1_89' title='bbox 1281 1295 1320 1334; x_wconf 93' lang='lat' dir='ltr'>o</span> <span class='ocrx_word' id='word_1_90' title='bbox 1365 1275 1589 1356; x_wconf 83' lang='lat' dir='ltr'>pidanis</span> <span class='ocrx_word' id='word_1_91' title='bbox 1615 1291 1840 1340; x_wconf 75' lang='lat' dir='ltr'>extem·</span> <span class='ocrx_word' id='word_1_92' title='bbox 1969 1273 1971 1334; x_wconf 55' lang='grc' dir='ltr'><strong>ἰ</strong></span> 
     </span>
    </p>

    <p class='ocr_par' dir='ltr' id='par_1_4' title="bbox 460 1353 1838 1436">
     <span class='ocr_line' id='line_1_14' title="bbox 460 1353 1838 1436; baseline 0.004 -23"><span class='ocrx_word' id='word_1_93' title='bbox 460 1354 565 1436; x_wconf 90' lang='lat' dir='ltr'>plo</span> <span class='ocrx_word' id='word_1_94' title='bbox 605 1355 728 1414; x_wconf 86' lang='lat' dir='ltr'>vita</span> <span class='ocrx_word' id='word_1_95' title='bbox 753 1375 819 1412; x_wconf 84' lang='lat' dir='ltr'>ac</span> <span class='ocrx_word' id='word_1_96' title='bbox 852 1354 1084 1414; x_wconf 84' lang='lat' dir='ltr'>libertas</span> <span class='ocrx_word' id='word_1_97' title='bbox 1106 1375 1286 1416; x_wconf 88' lang='lat' dir='ltr'>conce</span> <span class='ocrx_word' id='word_1_98' title='bbox 1332 1377 1365 1414; x_wconf 88' lang='lat' dir='ltr'>a</span> <span class='ocrx_word' id='word_1_99' title='bbox 1401 1353 1484 1416; x_wconf 87' lang='lat' dir='ltr'>est</span> <span class='ocrx_word' id='word_1_100' title='bbox 1507 1378 1527 1430; x_wconf 80' lang='lat'><em>3</em></span> <span class='ocrx_word' id='word_1_101' title='bbox 1552 1355 1838 1419; x_wconf 87' lang='lat' dir='ltr'>Macedo-</span> 
     </span>
    </p>

    <p class='ocr_par' dir='ltr' id='par_1_5' title="bbox 446 1434 1834 1518">
     <span class='ocr_line' id='line_1_15' title="bbox 446 1434 1834 1518; baseline 0.004 -24"><span class='ocrx_word' id='word_1_102' title='bbox 446 1435 628 1495; x_wconf 85' lang='lat' dir='ltr'>·nibus</span> <span class='ocrx_word' id='word_1_103' title='bbox 647 1436 867 1495; x_wconf 84' lang='lat' dir='ltr'>treceni</span> <span class='ocrx_word' id='word_1_104' title='bbox 896 1437 1116 1499; x_wconf 86' lang='lat' dir='ltr'>nummi</span> <span class='ocrx_word' id='word_1_105' title='bbox 1144 1437 1204 1494; x_wconf 89' lang='lat' dir='ltr'>in</span> <span class='ocrx_word' id='word_1_106' title='bbox 1231 1439 1420 1518; x_wconf 86' lang='lat' dir='ltr'>capita</span> <span class='ocrx_word' id='word_1_107' title='bbox 1453 1434 1722 1499; x_wconf 86' lang='lat' dir='ltr'>statutum</span> <span class='ocrx_word' id='word_1_108' title='bbox 1751 1437 1834 1500; x_wconf 87' lang='lat' dir='ltr'>est</span> 
     </span>
    </p>

    <p class='ocr_par' dir='ltr' id='par_1_6' title="bbox 502 1516 1832 1590">
     <span class='ocr_line' id='line_1_16' title="bbox 502 1516 1832 1590; baseline 0.005 -16"><span class='ocrx_word' id='word_1_109' title='bbox 502 1517 713 1576; x_wconf 86' lang='lat' dir='ltr'>retium</span> <span class='ocrx_word' id='word_1_110' title='bbox 734 1559 755 1590; x_wconf 89' lang='lat'><strong>,</strong></span> <span class='ocrx_word' id='word_1_111' title='bbox 783 1518 849 1577; x_wconf 75' lang='grc' dir='ltr'>δι</span> <span class='ocrx_word' id='word_1_112' title='bbox 886 1533 949 1576; x_wconf 90' lang='lat' dir='ltr'>ut</span> <span class='ocrx_word' id='word_1_113' title='bbox 980 1518 1152 1576; x_wconf 88' lang='lat' dir='ltr'>armis</span> <span class='ocrx_word' id='word_1_114' title='bbox 1175 1516 1400 1578; x_wconf 88' lang='lat' dir='ltr'>traditis</span> <span class='ocrx_word' id='word_1_115' title='bbox 1429 1516 1668 1578; x_wconf 79' lang='lat' dir='ltr'>abirent.</span> <span class='ocrx_word' id='word_1_116' title='bbox 1701 1518 1832 1581; x_wconf 80' lang='lat' dir='ltr'>Hac</span> 
     </span>
    </p>

    <p class='ocr_par' dir='ltr' id='par_1_7' title="bbox 485 1597 1834 1679">
     <span class='ocr_line' id='line_1_17' title="bbox 485 1597 1834 1679; baseline 0.003 -23"><span class='ocrx_word' id='word_1_117' title='bbox 485 1597 684 1656; x_wconf 59' lang='lat' dir='ltr'>umma</span> <span class='ocrx_word' id='word_1_118' title='bbox 711 1597 994 1679; x_wconf 85' lang='lat' dir='ltr'>redempti</span> <span class='ocrx_word' id='word_1_119' title='bbox 1013 1643 1032 1674; x_wconf 87' lang='lat'>‚</span> <span class='ocrx_word' id='word_1_120' title='bbox 1050 1599 1112 1658; x_wconf 88' lang='lat' dir='ltr'>in</span> <span class='ocrx_word' id='word_1_121' title='bbox 1131 1597 1422 1660; x_wconf 84' lang='lat' dir='ltr'>Boeotiam</span> <span class='ocrx_word' id='word_1_122' title='bbox 1443 1601 1692 1658; x_wconf 85' lang='lat' dir='ltr'>inermes</span> <span class='ocrx_word' id='word_1_123' title='bbox 1709 1615 1834 1660; x_wconf 85' lang='lat' dir='ltr'>tra-</span> 
     </span>
    </p>

    <p class='ocr_par' dir='ltr' id='par_1_8' title="bbox 444 1674 1835 1767">
     <span class='ocr_line' id='line_1_18' title="bbox 444 1674 1835 1767; baseline 0.001 -29"><span class='ocrx_word' id='word_1_124' title='bbox 444 1674 609 1758; x_wconf 57' lang='lat' dir='ltr'>jecti.</span> <span class='ocrx_word' id='word_1_125' title='bbox 644 1677 898 1767; x_wconf 66' lang='lat' dir='ltr'>Navales</span> <span class='ocrx_word' id='word_1_126' title='bbox 932 1681 1118 1762; x_wconf 86' lang='lat' dir='ltr'>copiae</span> <span class='ocrx_word' id='word_1_127' title='bbox 1141 1725 1162 1754; x_wconf 90' lang='lat'><strong>,</strong></span> <span class='ocrx_word' id='word_1_128' title='bbox 1195 1677 1414 1741; x_wconf 85' lang='lat' dir='ltr'>duabus</span> <span class='ocrx_word' id='word_1_129' title='bbox 1457 1681 1624 1740; x_wconf 88' lang='lat' dir='ltr'>claris</span> <span class='ocrx_word' id='word_1_130' title='bbox 1673 1681 1835 1741; x_wconf 88' lang='lat' dir='ltr'>urbi-</span> 
     </span>
    </p>

    <p class='ocr_par' dir='ltr' id='par_1_9' title="bbox 456 1758 1834 1842">
     <span class='ocr_line' id='line_1_19' title="bbox 456 1758 1834 1842; baseline 0.001 -22"><span class='ocrx_word' id='word_1_131' title='bbox 456 1760 566 1820; x_wconf 83' lang='lat' dir='ltr'>bus</span> <span class='ocrx_word' id='word_1_132' title='bbox 596 1758 835 1820; x_wconf 80' lang='lat' dir='ltr'>Euboeae</span> <span class='ocrx_word' id='word_1_133' title='bbox 866 1762 1011 1820; x_wconf 88' lang='lat' dir='ltr'>intra</span> <span class='ocrx_word' id='word_1_134' title='bbox 1041 1761 1164 1822; x_wconf 88' lang='lat' dir='ltr'>dies</span> <span class='ocrx_word' id='word_1_135' title='bbox 1193 1781 1408 1842; x_wconf 86' lang='lat' dir='ltr'>paucos</span> <span class='ocrx_word' id='word_1_136' title='bbox 1445 1762 1630 1842; x_wconf 88' lang='lat' dir='ltr'>captis</span> <span class='ocrx_word' id='word_1_137' title='bbox 1659 1805 1681 1834; x_wconf 90' lang='lat'><strong>,</strong></span> <span class='ocrx_word' id='word_1_138' title='bbox 1726 1763 1834 1822; x_wconf 85' lang='lat' dir='ltr'>cir-</span> 
     </span>
    </p>

    <p class='ocr_par' dir='ltr' id='par_1_10' title="bbox 451 1839 1834 1924">
     <span class='ocr_line' id='line_1_20' title="bbox 451 1839 1834 1924; baseline 0.003 -23"><span class='ocrx_word' id='word_1_139' title='bbox 451 1839 774 1904; x_wconf 69' lang='lat' dir='ltr'>cumvec&#39;cae</span> <span class='ocrx_word' id='word_1_140' title='bbox 796 1839 1037 1903; x_wconf 83' lang='lat' dir='ltr'>Sunium</span> <span class='ocrx_word' id='word_1_141' title='bbox 1057 1839 1268 1903; x_wconf 83' lang='lat' dir='ltr'>Atticae</span> <span class='ocrx_word' id='word_1_142' title='bbox 1293 1859 1458 1903; x_wconf 84' lang='lat' dir='ltr'>terrae</span> <span class='ocrx_word' id='word_1_143' title='bbox 1488 1860 1834 1924; x_wconf 85' lang='lat' dir='ltr'>promonto-</span> 
     </span>
    </p>

    <p class='ocr_par' dir='ltr' id='par_1_11' title="bbox 444 1918 1833 1994">
     <span class='ocr_line' id='line_1_21' title="bbox 444 1918 1833 1994; baseline 0.002 -12"><span class='ocrx_word' id='word_1_144' title='bbox 444 1924 607 1982; x_wconf 71' lang='lat' dir='ltr'>rium</span> <span class='ocrx_word' id='word_1_145' title='bbox 625 1966 644 1994; x_wconf 86' lang='lat'>‚</span> <span class='ocrx_word' id='word_1_146' title='bbox 676 1918 1006 1983; x_wconf 84' lang='lat' dir='ltr'>Cenchreas</span> <span class='ocrx_word' id='word_1_147' title='bbox 1029 1920 1468 1985; x_wconf 86' lang='lat' dir='ltr'>Corinthiorum</span> <span class='ocrx_word' id='word_1_148' title='bbox 1499 1943 1595 1982; x_wconf 88' lang='lat' dir='ltr'>em</span> <span class='ocrx_word' id='word_1_149' title='bbox 1637 1926 1833 1985; x_wconf 77' lang='lat' dir='ltr'>orium</span> 
     </span>
    </p>

    <p class='ocr_par' dir='ltr' id='par_1_12' title="bbox 280 1999 1832 2087">
     <span class='ocr_line' id='line_1_22' title="bbox 280 1999 1832 2087; baseline -0.001 -20"><span class='ocrx_word' id='word_1_150' title='bbox 280 2024 419 2067; x_wconf 64' lang='lat' dir='ltr'>&#39;Anax</span> <span class='ocrx_word' id='word_1_151' title='bbox 454 2004 763 2085; x_wconf 86' lang='lat' dir='ltr'>petierunt.</span> <span class='ocrx_word' id='word_1_152' title='bbox 784 1999 1006 2064; x_wconf 89' lang='lat' dir='ltr'>Consul</span> <span class='ocrx_word' id='word_1_153' title='bbox 1026 2005 1258 2075; x_wconf 76' lang='lat' dir='ltr'>interim</span> <span class='ocrx_word' id='word_1_154' title='bbox 1276 2005 1540 2064; x_wconf 87' lang='lat' dir='ltr'>omniurn</span> <span class='ocrx_word' id='word_1_155' title='bbox 1599 2026 1676 2087; x_wconf 92' lang='lat' dir='ltr'>pe</span> <span class='ocrx_word' id='word_1_156' title='bbox 1699 2005 1832 2065; x_wconf 88' lang='lat' dir='ltr'>lon-</span> 
     </span>
    </p>

    <p class='ocr_par' dir='ltr' id='par_1_13' title="bbox 229 2080 1832 2167">
     <span class='ocr_line' id='line_1_23' title="bbox 229 2080 1832 2167; baseline 0.002 -24"><span class='ocrx_word' id='word_1_157' title='bbox 229 2080 417 2165; x_wconf 55' lang='lat' dir='ltr'>fffff&#39;z:</span> <span class='ocrx_word' id='word_1_158' title='bbox 444 2108 453 2113; x_wconf 94' lang='lat'>·</span> <span class='ocrx_word' id='word_1_159' title='bbox 498 2086 684 2144; x_wconf 88' lang='lat' dir='ltr'>&#39;orem</span> <span class='ocrx_word' id='word_1_160' title='bbox 721 2085 1184 2167; x_wconf 86' lang='lat' dir='ltr'>atrocioremque</span> <span class='ocrx_word' id='word_1_161' title='bbox 1215 2086 1712 2166; x_wconf 83' lang='lat' dir='ltr'>oppugnationem</span> <span class='ocrx_word' id='word_1_162' title='bbox 1731 2086 1832 2146; x_wconf 86' lang='lat' dir='ltr'>ha-</span> 
     </span>
    </p>

    <p class='ocr_par' dir='ltr' id='par_1_14' title="bbox 212 2163 1832 2245">
     <span class='ocr_line' id='line_1_24' title="bbox 212 2163 1832 2245; baseline 0.001 -20"><span class='ocrx_word' id='word_1_163' title='bbox 212 2174 418 2225; x_wconf 68' lang='lat' dir='ltr'>J‘ndimr.</span> <span class='ocrx_word' id='word_1_164' title='bbox 497 2167 579 2225; x_wconf 89' lang='lat' dir='ltr'>uit</span> <span class='ocrx_word' id='word_1_165' title='bbox 606 2187 626 2239; x_wconf 90' lang='lat'>;</span> <span class='ocrx_word' id='word_1_166' title='bbox 656 2165 725 2226; x_wconf 77' lang='grc' dir='ltr'>ὅτ.</span> <span class='ocrx_word' id='word_1_167' title='bbox 774 2164 843 2225; x_wconf 71' lang='lat' dir='ltr'>ea</span> <span class='ocrx_word' id='word_1_168' title='bbox 860 2209 880 2236; x_wconf 88' lang='lat'>‚</span> <span class='ocrx_word' id='word_1_169' title='bbox 924 2165 1040 2245; x_wconf 70' lang='lat' dir='ltr'>qua</span> <span class='ocrx_word' id='word_1_170' title='bbox 1095 2166 1400 2225; x_wconf 69' lang='lat' dir='ltr'>minimum</span> <span class='ocrx_word' id='word_1_171' title='bbox 1447 2163 1780 2237; x_wconf 79' lang='lat' dir='ltr'>credidisset</span> <span class='ocrx_word' id='word_1_172' title='bbox 1805 2210 1832 2240; x_wconf 86' lang='lat'>‚</span> 
     </span>
    </p>

    <p class='ocr_par' dir='ltr' id='par_1_15' title="bbox 443 2242 1831 2309">
     <span class='ocr_line' id='line_1_25' title="bbox 443 2242 1831 2309; baseline 0.001 -3"><span class='ocrx_word' id='word_1_173' title='bbox 443 2242 787 2309; x_wconf 61' lang='lat' dir='ltr'>refistebant</span> <span class='ocrx_word' id='word_1_174' title='bbox 820 2243 1016 2306; x_wconf 83' lang='lat' dir='ltr'>hostes</span> <span class='ocrx_word' id='word_1_175' title='bbox 1045 2267 1062 2305; x_wconf 71' lang='grc' dir='ltr'><em>τ</em></span> <span class='ocrx_word' id='word_1_176' title='bbox 1095 2266 1229 2305; x_wconf 88' lang='lat' dir='ltr'>nam</span> <span class='ocrx_word' id='word_1_177' title='bbox 1274 2264 1511 2305; x_wconf 86' lang='lat' dir='ltr'>omnem</span> <span class='ocrx_word' id='word_1_178' title='bbox 1562 2245 1831 2307; x_wconf 80' lang='lat' dir='ltr'>laborem</span> 
     </span>
    </p>

    <p class='ocr_par' dir='ltr' id='par_1_16' title="bbox 452 2324 1828 2401">
     <span class='ocr_line' id='line_1_26' title="bbox 452 2324 1828 2401; baseline -0.001 -13"><span class='ocrx_word' id='word_1_179' title='bbox 452 2330 515 2388; x_wconf 89' lang='lat' dir='ltr'>in</span> <span class='ocrx_word' id='word_1_180' title='bbox 550 2348 721 2389; x_wconf 89' lang='lat' dir='ltr'>muro</span> <span class='ocrx_word' id='word_1_181' title='bbox 752 2327 1038 2387; x_wconf 86' lang='lat' dir='ltr'>diruendo</span> <span class='ocrx_word' id='word_1_182' title='bbox 1059 2324 1380 2385; x_wconf 84' lang='lat' dir='ltr'>crediderat</span> <span class='ocrx_word' id='word_1_183' title='bbox 1409 2324 1537 2386; x_wconf 79' lang='lat' dir='ltr'>fore</span> <span class='ocrx_word' id='word_1_184' title='bbox 1579 2324 1670 2401; x_wconf 87' lang='lat' dir='ltr'>;s1</span> <span class='ocrx_word' id='word_1_185' title='bbox 1702 2328 1828 2387; x_wconf 84' lang='lat' dir='ltr'>adi-</span> 
     </span>
    </p>

    <p class='ocr_par' dir='ltr' id='par_1_17' title="bbox 444 2404 1828 2491">
     <span class='ocr_line' id='line_1_27' title="bbox 444 2404 1828 2491; baseline 0 -22"><span class='ocrx_word' id='word_1_186' title='bbox 444 2426 581 2469; x_wconf 56' lang='lat' dir='ltr'>etum</span> <span class='ocrx_word' id='word_1_187' title='bbox 609 2411 837 2485; x_wconf 79' lang='lat' dir='ltr'>armatis</span> <span class='ocrx_word' id='word_1_188' title='bbox 868 2409 929 2467; x_wconf 88' lang='lat' dir='ltr'>in</span> <span class='ocrx_word' id='word_1_189' title='bbox 965 2406 1170 2467; x_wconf 86' lang='lat' dir='ltr'>urbem</span> <span class='ocrx_word' id='word_1_190' title='bbox 1206 2404 1556 2487; x_wconf 76' lang='lat' dir='ltr'>patefeciss‘et</span> <span class='ocrx_word' id='word_1_191' title='bbox 1573 2452 1594 2480; x_wconf 87' lang='lat'><strong>,</strong></span> <span class='ocrx_word' id='word_1_192' title='bbox 1627 2406 1828 2491; x_wconf 82' lang='lat' dir='ltr'>fugam</span> 
     </span>
    </p>

    <p class='ocr_par' dir='ltr' id='par_1_18' title="bbox 450 2486 1831 2571">
     <span class='ocr_line' id='line_1_28' title="bbox 450 2486 1831 2571; baseline 0 -22"><span class='ocrx_word' id='word_1_193' title='bbox 450 2490 587 2549; x_wconf 89' lang='lat' dir='ltr'>inde</span> <span class='ocrx_word' id='word_1_194' title='bbox 624 2490 961 2571; x_wconf 67' lang='lat' dir='ltr'>caedemque</span> <span class='ocrx_word' id='word_1_195' title='bbox 993 2486 1244 2547; x_wconf 85' lang='lat' dir='ltr'>hostium</span> <span class='ocrx_word' id='word_1_196' title='bbox 1271 2486 1432 2561; x_wconf 87' lang='lat' dir='ltr'>fore,</span> <span class='ocrx_word' id='word_1_197' title='bbox 1465 2488 1655 2570; x_wconf 85' lang='lat' dir='ltr'>qualis</span> <span class='ocrx_word' id='word_1_198' title='bbox 1689 2510 1831 2570; x_wconf 87' lang='lat' dir='ltr'>cap-</span> 
     </span>
    </p>

    <p class='ocr_par' dir='ltr' id='par_1_19' title="bbox 448 2566 1828 2651">
     <span class='ocr_line' id='line_1_29' title="bbox 448 2566 1828 2651; baseline 0.001 -22"><span class='ocrx_word' id='word_1_199' title='bbox 448 2572 525 2630; x_wconf 81' lang='lat' dir='ltr'>tis</span> <span class='ocrx_word' id='word_1_200' title='bbox 552 2571 783 2630; x_wconf 86' lang='lat' dir='ltr'>urbibus</span> <span class='ocrx_word' id='word_1_201' title='bbox 818 2568 945 2629; x_wconf 82' lang='lat' dir='ltr'>fieri</span> <span class='ocrx_word' id='word_1_202' title='bbox 973 2566 1120 2629; x_wconf 88' lang='lat' dir='ltr'>solet</span> <span class='ocrx_word' id='word_1_203' title='bbox 1145 2590 1160 2627; x_wconf 73' lang='grc' dir='ltr'>ε</span> <span class='ocrx_word' id='word_1_204' title='bbox 1191 2585 1450 2629; x_wconf 86' lang='lat' dir='ltr'>ceterum</span> <span class='ocrx_word' id='word_1_205' title='bbox 1478 2567 1828 2651; x_wconf 86' lang='lat' dir='ltr'>postquam,</span> 
     </span>
    </p>

    <p class='ocr_par' dir='ltr' id='par_1_20' title="bbox 448 2647 1827 2732">
     <span class='ocr_line' id='line_1_30' title="bbox 448 2647 1827 2732; baseline 0.001 -23"><span class='ocrx_word' id='word_1_206' title='bbox 448 2669 614 2732; x_wconf 86' lang='lat' dir='ltr'>parte</span> <span class='ocrx_word' id='word_1_207' title='bbox 632 2652 783 2710; x_wconf 86' lang='lat' dir='ltr'>muri</span> <span class='ocrx_word' id='word_1_208' title='bbox 816 2650 1088 2709; x_wconf 86' lang='lat' dir='ltr'>arietibus</span> <span class='ocrx_word' id='word_1_209' title='bbox 1119 2647 1378 2721; x_wconf 61' lang='lat' dir='ltr'>decana,</span> <span class='ocrx_word' id='word_1_210' title='bbox 1409 2648 1680 2731; x_wconf 76' lang='lat' dir='ltr'>peripsns</span> <span class='ocrx_word' id='word_1_211' title='bbox 1703 2652 1827 2711; x_wconf 89' lang='lat' dir='ltr'>rui-</span> 
     </span>
    </p>

    <p class='ocr_par' dir='ltr' id='par_1_21' title="bbox 448 2728 1828 2804">
     <span class='ocr_line' id='line_1_31' title="bbox 448 2728 1828 2804; baseline 0.003 -15"><span class='ocrx_word' id='word_1_212' title='bbox 448 2752 553 2791; x_wconf 85' lang='lat' dir='ltr'>nas</span> <span class='ocrx_word' id='word_1_213' title='bbox 589 2728 1074 2790; x_wconf 85' lang='lat' dir='ltr'>transs&#39;cenderunt</span> <span class='ocrx_word' id='word_1_214' title='bbox 1095 2731 1155 2795; x_wconf 89' lang='lat' dir='ltr'>in</span> <span class='ocrx_word' id='word_1_215' title='bbox 1187 2729 1394 2789; x_wconf 87' lang='lat' dir='ltr'>urbem</span> <span class='ocrx_word' id='word_1_216' title='bbox 1413 2732 1648 2804; x_wconf 85' lang='lat' dir='ltr'>armati,</span> <span class='ocrx_word' id='word_1_217' title='bbox 1676 2730 1828 2793; x_wconf 85' lang='lat' dir='ltr'>illud</span> 
     </span>
    </p>

    <p class='ocr_par' dir='ltr' id='par_1_22' title="bbox 424 2810 1826 2893">
     <span class='ocr_line' id='line_1_32' title="bbox 424 2810 1826 2893; baseline 0.003 -24"><span class='ocrx_word' id='word_1_218' title='bbox 424 2812 795 2893; x_wconf 77' lang='lat' dir='ltr'>principium</span> <span class='ocrx_word' id='word_1_219' title='bbox 830 2810 993 2871; x_wconf 85' lang='lat' dir='ltr'>velut</span> <span class='ocrx_word' id='word_1_220' title='bbox 1019 2810 1164 2871; x_wconf 68' lang='lat' dir='ltr'>navi</span> <span class='ocrx_word' id='word_1_221' title='bbox 1189 2825 1357 2893; x_wconf 88' lang='lat' dir='ltr'>atque</span> <span class='ocrx_word' id='word_1_222' title='bbox 1376 2812 1584 2893; x_wconf 84' lang='lat' dir='ltr'>integri</span> <span class='ocrx_word' id='word_1_223' title='bbox 1605 2810 1826 2873; x_wconf 78' lang='lat' dir='ltr'>laboris</span> 
     </span>
    </p>
   </div>
   <div class='ocr_carea' id='block_1_3' title="bbox 450 2890 1830 2977">
    <p class='ocr_par' dir='ltr' id='par_1_23' title="bbox 450 2890 1830 2977">
     <span class='ocr_line' id='line_1_33' title="bbox 450 2890 1830 2977; baseline 0.004 -24"><span class='ocrx_word' id='word_1_224' title='bbox 450 2890 559 2953; x_wconf 68' lang='lat' dir='ltr'>flur</span> <span class='ocrx_word' id='word_1_225' title='bbox 594 2914 611 2955; x_wconf 76' lang='lat' dir='ltr'><strong><em>z</em></strong></span> <span class='ocrx_word' id='word_1_226' title='bbox 655 2912 791 2977; x_wconf 76' lang='lat' dir='ltr'>nam</span> <span class='ocrx_word' id='word_1_227' title='bbox 837 2890 1196 2956; x_wconf 80' lang='lat' dir='ltr'>Macedones</span> <span class='ocrx_word' id='word_1_228' title='bbox 1227 2934 1250 2967; x_wconf 91' lang='lat'><strong>,</strong></span> <span class='ocrx_word' id='word_1_229' title='bbox 1273 2912 1395 2975; x_wconf 73' lang='lat' dir='ltr'>·q1u</span> <span class='ocrx_word' id='word_1_230' title='bbox 1444 2911 1506 2952; x_wconf 83' lang='lat' dir='ltr'><strong>m</strong></span> <span class='ocrx_word' id='word_1_231' title='bbox 1549 2890 1830 2975; x_wconf 68' lang='lat' dir='ltr'>praesidio</span> 
     </span>
    </p>
   </div>
   <div class='ocr_carea' id='block_1_4' title="bbox 1968 341 1973 920">
    <p class='ocr_par' dir='ltr' id='par_1_24' title="bbox 1968 341 1973 920">
     <span class='ocr_line' id='line_1_34' title="bbox 1968 341 1973 920; baseline 0 0"><span class='ocrx_word' id='word_1_232' title='bbox 1968 341 1973 920; x_wconf 95' lang='lat' dir='ltr'> </span> 
     </span>
    </p>
   </div>
   <div class='ocr_carea' id='block_1_5' title="bbox 1968 3106 1974 3654">
    <p class='ocr_par' dir='ltr' id='par_1_25' title="bbox 1968 3106 1974 3654">
     <span class='ocr_line' id='line_1_35' title="bbox 1968 3106 1974 3654; baseline 0 0"><span class='ocrx_word' id='word_1_233' title='bbox 1968 3106 1974 3654; x_wconf 95' lang='lat' dir='ltr'> </span> 
     </span>
    </p>
   </div>
  </div>
 </body>
</html>
