2004 3691
465 243 832 313 Lutea
929 242 1315 314 XXXV.
1437 264 1577 340 297

217 375 382 417 mum
408 354 720 439 judicatum
734 402 756 433 ,
790 358 889 441 qui
922 378 1169 421 matrem
1201 359 1415 423 Idaeam
1446 360 1580 422 Pes·
1604 375 1800 427 ,πῂ

213 437 436 499 smunte
474 441 807 501 venientem
847 444 906 500 in
949 442 1153 502 urbem
1183 445 1482 524 acciperet.
1510 442 1577 505 L.
1606 449 1802 503 tle-55⁹·

217 516 496 597 Quintius
538 522 604 581 &
650 516 762 583 Cn.
804 519 1104 583 Domitius
1155 522 1579 584 Ahenobarbus
1601 500 1803 587 ⁸10⁸*

213 598 480 667 ‚consules
528 598 656 661 facti
689 624 710 677 ;
749 601 898 662 adeo
941 623 1015 663 ne
1057 605 1115 661 in
1209 604 1401 665 lebeio
1448 606 1581 686 qui-

218 678 359 739 dem
398 680 626 741 consule
646 725 671 754 ,
703 703 880 764 quum
958 704 1025 743 ro
1058 678 1133 744 C.
1254 684 1335 743 lio
1366 684 1612 745 nitere--

217 776 344 833 tur,
367 760 674 822 Africanus
687 762 886 823 valuit.
961 760 1153 823 ostero
1183 764 1275 825 die
1304 780 1581 846 praetores

217 842 400 919 creati
415 840 482 901 L.
505 839 833 903 Scribonius
855 841 1006 903 Libo
1024 888 1045 919 ,
1060 841 1150 904 M.
1170 844 1407 906 Fulvius
1426 842 1583 906 Cen-

219 920 504 994 tumalus»,
539 922 620 983 A.
654 922 859 983 Atilius
887 920 1157 983 Serranus
1176 969 1197 999 ‚
1231 924 1317 984 M.
1352 924 1580 985 Baebius

219 996 563 1083 Tamphilus
588 1047 610 1077 ‚
643 1002 710 1063 L.
738 1002 1005 1063 Valerius
1042 1002 1313 1086 Tappu5‚
1360 1003 1449 1085 Q.
1479 1004 1583 1065 Sa·

221 1080 410 1143 Ionius
443 1078 623 1143 Sarra.
646 1082 908 1159 AEdilitas
943 1082 1173 1167 infignis
1191 1106 1265 1145 eo
1298 1106 1448 1145 anno
1476 1084 1586 1145 fuit

221 1160 312 1223 M.
341 1162 562 1238 AEmilii
582 1161 787 1243 Lepidi
815 1166 879 1225 &
896 1164 962 1226 L.
981 1164 1200 1225 AEmilii
1224 1164 1403 1227 Pauli.
1424 1164 1583 1225 Mul-

219 1260 310 1303 tos
351 1245 651 1324 pecuarios
691 1244 1069 1305 damnarunt:
1115 1266 1190 1305 ex
1225 1266 1293 1305 ea
1336 1248 1583 1326 pecunia

220 1323 436 1405 clypea
465 1326 718 1383 inaurata
753 1327 812 1384 in
843 1322 1067 1407 fastigio
1099 1324 1264 1387 Jovis
1291 1327 1427 1386 aedis
1514 1348 1583 1387 o-

218 1402 466 1465 suerunt.
496 1402 788 1465 Porticum
823 1425 994 1465 unam
1022 1423 1179 1465 extra
1203 1423 1429 1485 portam
1446 1348 1581 1467 'leri-

223 1486 550 1567 geminam,
579 1487 844 1566 emporio
889 1486 960 1545 ad
1001 1484 1265 1547 Tiberim
1300 1485 1521 1567 adjeRo
1559 1506 1581 1561 ;

218 1566 456 1625 alteram
492 1585 525 1624 a
555 1582 721 1646 porta
747 1565 1035 1635 Fontinali
1057 1566 1129 1627 ad
1158 1564 1359 1627 Martis
1386 1587 1539 1625 aram
1558 1610 1579 1640 ‚

221 1646 332 1727 qua
371 1648 433 1705 in
465 1638 757 1726 Campum
801 1647 912 1705 iter
957 1643 1093 1706 esset
1112 1690 1132 1719 ‚
1169 1646 1577 1726 perduxerunt.

301 1724 412 1787 XI.
449 1724 571 1786 Diu
603 1725 739 1785 nihil
769 1727 828 1787 in
862 1724 1161 1807 Liguribus
1203 1726 1440 1807 dignum
1468 1746 1582 1787 me·
1627 1744 1710 1788 nn
1724 1751 1809 1801 ges.

223 1806 410 1868 moria
439 1804 659 1889 gestum
693 1822 828 1867 erat.
860 1804 1137 1868 Extremo
1172 1801 1294 1884 ejus
1330 1808 1460 1866 anni
1492 1807 1579 1868 bis
1608 1802 1790 1901 2333ae

224 1889 284 1948 in
319 1908 594 1970 magnum
635 1886 952 1969 periculum
1007 1909 1099 1947 res
1146 1886 1389 1947 adduaa
1446 1886 1527 1948 est
1566 1911 1585 1950 ι

226 1989 358 2028 nam
396 1969 464 2030 ὃ(
511 1967 688 2028 castra
725 1967 968 2029 consulis
1022 1989 1179 2050 oppu
1258 1985 1349 2028 ata
1371 2013 1392 2042 ,
1436 1971 1591 2052 aegre

229 2047 354 2109 sunt
384 2046 614 2108 defensa
653 2069 673 2120 3
717 2049 782 2110 &
817 2068 936 2108 non
974 2051 1055 2110 ita
1092 2070 1191 2110 mu
1215 2051 1275 2108 to
1318 2047 1448 2131 post
1483 2071 1590 2131 per

231 2128 430 2190 saltum
477 2127 770 2210 angustum
818 2149 996 2211 quum
1048 2129 1347 2190 duceretur
1383 2150 1591 2212 agmen

233 2208 595 2282 Romanum,
619 2208 768 2289 ipsas
799 2207 988 2269 fauces
1012 2212 1293 2270 exercitus
1322 2209 1593 2290 Ligurum

233 2285 436 2350 insedit
454 2311 474 2364 3
497 2289 608 2371 qua
630 2311 807 2371 quum
827 2293 1009 2357 exitus
1030 2311 1148 2349 non
1181 2305 1401 2371 pateret
1416 2333 1435 2361 ,
1455 2310 1594 2348 con·
1694 2295 1698 2299 ’

233 2370 402 2431 verso
437 2372 657 2452 agmine
699 2370 882 2430 redire
913 2369 1111 2429 institit
1152 2367 1367 2429 consul.
1406 2366 1481 2428 Et
1518 2367 1593 2427 ab

238 2468 402 2534 tergo
439 2449 634 2510 fauces
674 2449 841 2511 saltus
868 2467 1162 2531 occupatae
1201 2471 1233 2508 a
1274 2464 1432 2530 parte
1461 2447 1596 2508 hos-

226 2532 383 2610 „tium
428 2547 588 2590 erant
611 2552 632 2605 ·,
656 2528 1045 2610 Caudinaeque
1092 2527 1264 2591 cladis
1319 2532 1599 2591 memoria

241 2631 360 2672 non
381 2612 582 2670 animis
599 2611 780 2672 modo
799 2655 818 2684 ,
839 2609 1143 2694 sedzprope
1162 2609 1343 2670 oculis
1356 2655 1377 2685 ,
1394 2612 1601 2672 obver-

243 2689 476 2752 sabatur.
511 2689 790 2752 Numidas
827 2689 1186 2773 offmgentos
1228 2689 1411 2752 ferme
1442 2712 1475 2752 e
1519 2692 1601 2749 ui·-
1630 2719 1821 2761 mmm,

243 2785 330 2830 tes
363 2774 512 2832 inter
541 2771 745 2831 auxilia
780 2772 1029 2832 habebat
1068 2795 1083 2832 :
1123 2792 1325 2832 eorum
1364 2790 1479 2852 prae
1506 2775 1822 2858 ec-'c‘g'g‘fm-

245 2865 336 2914 tus
367 2848 581 2916 consuli
617 2851 917 2935 pollicetur
935 2896 957 2929 ‚
993 2855 1067 2914 Se
1094 2869 1249 2935 parte
1270 2897 1293 2923 ,
1321 2847 1441 2912 ut'rd
1494 2851 1610 2928 veh
1731 2843 1747 2860 ⁹

1238 2917 1377 2994 Nv
