2004 3691
473 274 572 353 ³28
873 277 1537 351 Ίὶιινιι

211 470 220 475 ,
265 418 458 465 ’.Ε-τ
483 400 643 481 leges
682 397 839 479 pacis
861 440 882 470 ,
913 392 1194 478 juffusque
1230 394 1303 454 ad
1336 412 1521 455 earn
1580 390 1877 455 confir:

267 486 462 539 umm.
489 480 623 539 dam
653 479 882 539 mittere
920 478 1141 561 legatos
1176 474 1495 537 Romam.

265 538 464 643 “firmi
569 556 703 619 XX.
735 558 845 619 Per
862 558 1022 618 idem
1037 574 1161 617 tem
1202 576 1269 615 us
1288 555 1365 615 L.
1394 552 1831 615 Cornelius
1860 554 1879 614 J

263 633 468 722 {25:222
489 640 644 701 tulus
672 637 1017 723 proconsule
1058 658 1129 697 ex
1162 578 1283 697 {lis
1314 638 1478 695 ania
1544 636 1785 695 rediit
1830 658 1855 695 .·

268 731 439 793 eoncfffa
491 742 673 805 quum
704 723 764 780 in
800 718 994 779 senatu
1031 738 1122 777 res
1152 718 1224 777 ab
1289 737 1322 776 e
1414 736 1498 776 er·
1546 717 1841 775 multos

265 792 422 821 ‘'mm'‘
489 824 600 861 nos
619 800 844 861 fortiter
869 799 1227 879 feliciterque
1262 816 1333 880 ge
1398 818 1475 856 as
1522 794 1879 935 exgosuisr

531 878 924 961 ostulass'etque
944 925 965 952 ‚
1006 896 1069 939 ut
1108 878 1515 958 triumphanti
1566 875 1615 936 s
1676 878 1701 935 i
1747 878 1877 936 inv

485 906 686 1025 ficeret
720 963 780 1021 in
811 962 1017 1021 urbem
1054 981 1077 1034 3
1108 962 1221 1019 Res
1252 960 1561 1039 triumpho
1590 959 1878 1040 dignasr

487 1042 758 1105 censebat
784 1039 1014 1120 finams
1046 1062 1062 1100 ε
1085 1038 1187 1119 sed
1221 1040 1553 1121 exemplum
1606 1060 1655 1097 a
1704 1036 1879 1117 majo

489 1129 590 1187 bus
625 1147 736 1185 non
783 1118 1041 1204 accepss'e
1058 1164 1077 1193 ,
1109 1139 1171 1180 ut
1185 1165 1210 1192 ,
1244 1124 1342 1200 qui
1380 1140 1583 1199 neque
1639 1120 1877 1177 diffato

488 1227 662 1285 neque
685 1200 874 1281 confit!
886 1246 906 1274 ‚
924 1222 1093 1281 neque
1104 1218 1300 1281 praetor
1318 1222 1405 1259 res
1432 1197 1720 1281 geffi'ffit,
1740 1201 1879 1257 tn’m

486 1288 698 1369 plum.
731 1280 1057 1361 Proconficle
1086 1282 1243 1341 illum
1280 1279 1650 1362 Hispaniam
1676 1282 1879 1360 prom}

497 1368 642 1427 ciam
657 1408 680 1435 ,
697 1386 809 1424 non
827 1361 1095 1442 confidem
1115 1406 1135 1436 ‚
1157 1378 1259 1422 aut
1270 1379 1563 1444 praetorem
1590 1356 1879 1437 obtinug'ffi

497 1444 932 1506 Decurtebatur
969 1460 1163 1503 tamen
1197 1443 1270 1502 eb
1291 1486 1311 1515 ,
1338 1457 1407 1502 ut
1448 1462 1647 1502 ovans
1688 1440 1879 1500 urber.

491 1528 668 1586 ‘iniret
687 1567 708 1597 ‚
739 1524 1132 1585 intercedente
1160 1519 1259 1582 Ti.
1288 1520 1655 1604 Sempronio
1680 1520 1879 1603 Long‹

493 1605 736 1667 tribuno
767 1604 987 1686 plebis,
1104 1606 1123 1661 i
1156 1602 1339 1663 nihilh
1382 1604 1569 1685 tnagis
1612 1601 1678 1661 id
1716 1622 1879 1662 more

498 1684 788 1767 majorum
807 1730 827 1759 ,
859 1702 958 1746 aut
987 1624 1108 1744 uffo
1134 1703 1303 1743 exem
1348 1684 1409 1743 lo
1432 1682 1693 1742 futurum
1722 1682 1879 1743 dice-

447 1825 463 1833 -
497 1785 610 1829 ret.
635 1764 934 1827 Postremo
969 1762 1153 1825 vibius
1190 1785 1302 1824 con
1327 1760 1463 1823 ensu
1502 1762 1735 1823 Parrum
1772 1764 1875 1823 tri-

495 1850 688 1912 bunus
723 1844 878 1908 cesfit
902 1869 922 1922 ;
945 1844 1013 1907 &
1036 1866 1105 1906 ex
1124 1841 1599 1905 senatusconsulto
1622 1842 1690 1905 L.
1714 1842 1867 1904 Len-

499 1929 656 1991 tulus
696 1947 882 1988 ovans
921 1925 1127 1985 urbem
1170 1923 1253 1984 est
1292 1923 1577 2007 ingress‘uS.
1611 1923 1852 2006 Argenti

501 2009 634 2071 tulit
673 2027 748 2068 ex
777 2006 973 2090 praeda
1014 2005 1383 2086 quadraginta
1413 2022 1643 2086 quatuor
1672 2007 1845 2066 millia

495 2088 708 2172 pondo
728 2105 752 2162 ς
776 2091 898 2147 auri
925 2088 1043 2146 duo
1068 2086 1247 2146 millia
1268 2086 1657 2168 quadringenta
1676 2089 1837 2167 quin-

497 2173 818 2254 quaginta:
853 2169 1128 2228 militibus
1169 2187 1241 2226 ex
1282 2166 1464 2247 praeda
1490 2185 1702 2227 centum
1742 2169 1830 2229 vi·-

503 2253 648 2335 ginti
683 2245 823 2309 affes
861 2247 1067 2310 divisit.

587 2329 754 2393 XXI.
787 2329 916 2392 Jam
962 2330 1245 2390 exercitus
1285 2327 1559 2390 consularis
1596 2327 1661 2386 ab
1701 2327 1811 2388 Ar-

505 2416 656 2474 retio
691 2411 1023 2472 Ariminum
1058 2407 1341 2469 traduffls
1384 2424 1521 2481 erat,
1556 2409 1612 2470 &
1650 2411 1805 2490 quin·-

508 2513 624 2574 que
657 2493 834 2552 millia
873 2490 1093 2552 socifim
1130 2489 1313 2550 Latini
1345 2489 1557 2548 nominis
1590 2509 1651 2548 ex
1672 2487 1797 2551 Gal-

507 2573 584 2659 lja
617 2575 677 2630 in
716 2569 998 2630 Etruriam
1031 2568 1389 2630 transierant:
1424 2571 1584 2648 itaque
1611 2567 1667 2629 L.
1694 2569 1791 2630 Fu-

507 2653 629 2712 rius
671 2671 764 2710 ma
805 2651 890 2710 nis
925 2649 1217 2710 itineribus
1249 2649 1319 2710 ab
1353 2647 1573 2710 Arimino
1604 2650 1784 2710 adver-

509 2733 606 2792 sus
643 2730 736 2793 Ga
779 2751 846 2792 os
865 2774 886 2804 ,
927 2728 1280 2792 Cremonam
1319 2745 1425 2792 tum
1469 2727 1774 2805 obfidentes,

557 2811 802 2872 rofePtus
820 2857 842 2887 ,
874 2809 1053 2872 castra
1083 2811 1249 2871 mille
1279 2812 1642 2892 quingentorum
1667 2813 1769 2890 pas-

509 2835 680 2960 Puum
719 2893 1025 2960 intervallo
1056 2892 1129 2956 ab
1164 2889 1326 2956 hoste
1368 2888 1529 2972 posuit.
1558 2888 1761 2966 ,Occafio
