<?xml version="1.0" encoding="UTF-8"?>
<!DOCTYPE html PUBLIC "-//W3C//DTD XHTML 1.0 Transitional//EN"
    "http://www.w3.org/TR/xhtml1/DTD/xhtml1-transitional.dtd">
<html xmlns="http://www.w3.org/1999/xhtml" xml:lang="en" lang="en">
 <head>
  <title>
</title>
<meta http-equiv="Content-Type" content="text/html;charset=utf-8" />
  <meta name='ocr-system' content='tesseract 3.04.00' />
  <meta name='ocr-capabilities' content='ocr_page ocr_carea ocr_par ocr_line ocrx_word'/>
</head>
<body>
  <div class='ocr_page' id='page_1' title='image "./titiliviipatavi01lallgoog_0296.png"; bbox 0 0 2004 3691; ppageno 0'>
   <div class='ocr_carea' id='block_1_1' title="bbox 367 172 1429 277">
    <p class='ocr_par' dir='ltr' id='par_1_1' title="bbox 367 172 1429 277">
     <span class='ocr_line' id='line_1_1' title="bbox 367 172 1429 277; baseline 0.008 -29"><span class='ocrx_word' id='word_1_1' title='bbox 367 172 582 255; x_wconf 77' lang='lat'>&#39;280</span> <span class='ocrx_word' id='word_1_2' title='bbox 835 184 1429 277; x_wconf 27' lang='lat' dir='ltr'><strong><em>T.·L·1r11</em></strong></span> 
     </span>
    </p>
   </div>
   <div class='ocr_carea' id='block_1_2' title="bbox 234 298 1785 2890">
    <p class='ocr_par' dir='ltr' id='par_1_2' title="bbox 234 298 1785 2890">
     <span class='ocr_line' id='line_1_2' title="bbox 234 298 1785 383; baseline 0.01 -36"><span class='ocrx_word' id='word_1_3' title='bbox 234 317 417 351; x_wconf 71' lang='lat' dir='ltr'><em>e===</em></span> <span class='ocrx_word' id='word_1_4' title='bbox 443 318 622 357; x_wconf 78' lang='lat' dir='ltr'><em>novas</em></span> <span class='ocrx_word' id='word_1_5' title='bbox 650 298 828 360; x_wconf 84' lang='lat' dir='ltr'><em>moliri</em></span> <span class='ocrx_word' id='word_1_6' title='bbox 864 322 943 361; x_wconf 83' lang='lat' dir='ltr'><em>res</em></span> <span class='ocrx_word' id='word_1_7' title='bbox 957 344 979 374; x_wconf 92' lang='lat'>‚</span> <span class='ocrx_word' id='word_1_8' title='bbox 989 298 1449 383; x_wconf 74' lang='lat' dir='ltr'><em>sollicitandoque</em></span> <span class='ocrx_word' id='word_1_9' title='bbox 1477 300 1680 363; x_wconf 72' lang='lat' dir='ltr'><em>artimos&#39;</em></span> <span class='ocrx_word' id='word_1_10' title='bbox 1699 298 1785 363; x_wconf 79' lang='grc' dir='ltr'><em>1ιοῦ</em></span> 
     </span>
     <span class='ocr_line' id='line_1_3' title="bbox 236 368 1781 477; baseline 0.004 -40"><span class='ocrx_word' id='word_1_11' title='bbox 236 368 416 477; x_wconf 54' lang='lat' dir='ltr'><em>{fg-{339</em></span> <span class='ocrx_word' id='word_1_12' title='bbox 445 381 646 439; x_wconf 83' lang='lat' dir='ltr'><em>minum</em></span> <span class='ocrx_word' id='word_1_13' title='bbox 669 382 876 441; x_wconf 82' lang='lat' dir='ltr'><em>turbare</em></span> <span class='ocrx_word' id='word_1_14' title='bbox 900 386 1103 465; x_wconf 85' lang='lat' dir='ltr'><em>statum</em></span> <span class='ocrx_word' id='word_1_15' title='bbox 1122 386 1371 445; x_wconf 80' lang='lat' dir='ltr'><em>civitatis</em></span> <span class='ocrx_word' id='word_1_16' title='bbox 1377 382 1562 465; x_wconf 78' lang='lat' dir='ltr'><em>poffit.</em></span> <span class='ocrx_word' id='word_1_17' title='bbox 1592 384 1781 463; x_wconf 44' lang='lat' dir='ltr'><em>Anyto*</em></span> 
     </span>
     <span class='ocr_line' id='line_1_4' title="bbox 329 440 1777 545; baseline 0.004 -29"><span class='ocrx_word' id='word_1_18' title='bbox 329 452 340 465; x_wconf 82' lang='grc'><strong><em>’</em></strong></span> <span class='ocrx_word' id='word_1_19' title='bbox 393 440 412 479; x_wconf 80' lang='lat'>³</span> <span class='ocrx_word' id='word_1_20' title='bbox 441 481 560 518; x_wconf 84' lang='lat' dir='ltr'><em>nem</em></span> <span class='ocrx_word' id='word_1_21' title='bbox 581 464 858 539; x_wconf 81' lang='lat' dir='ltr'><em>quemdam</em></span> <span class='ocrx_word' id='word_1_22' title='bbox 876 508 899 535; x_wconf 89' lang='lat'><em>,</em></span> <span class='ocrx_word' id='word_1_23' title='bbox 931 466 1153 544; x_wconf 81' lang='lat' dir='ltr'><em>Tyrium</em></span> <span class='ocrx_word' id='word_1_24' title='bbox 1172 468 1443 527; x_wconf 76' lang='lat' dir='ltr'><em>advenam</em></span> <span class='ocrx_word' id='word_1_25' title='bbox 1462 510 1484 535; x_wconf 91' lang='lat'>‚</span> <span class='ocrx_word' id='word_1_26' title='bbox 1512 466 1777 545; x_wconf 69' lang='lat' dir='ltr'><em>instruam</em></span> 
     </span>
     <span class='ocr_line' id='line_1_5' title="bbox 443 544 1772 625; baseline 0.003 -26"><span class='ocrx_word' id='word_1_27' title='bbox 443 544 723 601; x_wconf 84' lang='lat' dir='ltr'><em>mandatis</em></span> <span class='ocrx_word' id='word_1_28' title='bbox 747 544 820 602; x_wconf 86' lang='lat' dir='ltr'><em>ab</em></span> <span class='ocrx_word' id='word_1_29' title='bbox 849 546 1139 605; x_wconf 78' lang='lat' dir='ltr'><em>Annibale</em></span> <span class='ocrx_word' id='word_1_30' title='bbox 1164 546 1219 607; x_wconf 76' lang='lat'><em>6·</em></span> <span class='ocrx_word' id='word_1_31' title='bbox 1250 548 1321 605; x_wconf 86' lang='lat' dir='ltr'><em>ab</em></span> <span class='ocrx_word' id='word_1_32' title='bbox 1356 548 1622 607; x_wconf 79' lang='lat' dir='ltr'><em>Antiocho</em></span> <span class='ocrx_word' id='word_1_33' title='bbox 1649 565 1772 625; x_wconf 80' lang='lat' dir='ltr'><em>rege,</em></span> 
     </span>
     <span class='ocr_line' id='line_1_6' title="bbox 443 620 1771 707; baseline 0.004 -28"><span class='ocrx_word' id='word_1_34' title='bbox 443 620 639 701; x_wconf 73' lang='lat' dir='ltr'><em>veruffi</em></span> <span class='ocrx_word' id='word_1_35' title='bbox 669 645 689 683; x_wconf 86' lang='lat'><em>.·</em></span> <span class='ocrx_word' id='word_1_36' title='bbox 723 640 889 684; x_wconf 82' lang='lat' dir='ltr'><em>certos</em></span> <span class='ocrx_word' id='word_1_37' title='bbox 919 627 1162 689; x_wconf 80' lang='lat' dir='ltr'><em>homines</em></span> <span class='ocrx_word' id='word_1_38' title='bbox 1194 628 1435 707; x_wconf 76' lang='lat' dir='ltr'><em>quotidie</em></span> <span class='ocrx_word' id='word_1_39' title='bbox 1466 648 1581 686; x_wconf 85' lang='lat' dir='ltr'><em>cum</em></span> <span class='ocrx_word' id='word_1_40' title='bbox 1621 646 1678 685; x_wconf 87' lang='lat' dir='ltr'><em>eo</em></span> <span class='ocrx_word' id='word_1_41' title='bbox 1699 622 1771 701; x_wconf 84' lang='lat' dir='ltr'><em>se·</em></span> 
     </span>
     <span class='ocr_line' id='line_1_7' title="bbox 441 704 1773 785; baseline 0.006 -24"><span class='ocrx_word' id='word_1_42' title='bbox 441 720 585 761; x_wconf 84' lang='lat' dir='ltr'><em>creta</em></span> <span class='ocrx_word' id='word_1_43' title='bbox 616 704 893 785; x_wconf 85' lang='lat' dir='ltr'><em>colloquia</em></span> <span class='ocrx_word' id='word_1_44' title='bbox 913 706 1077 785; x_wconf 76' lang='lat' dir='ltr'><em>firere</em></span> <span class='ocrx_word' id='word_1_45' title='bbox 1095 749 1117 779; x_wconf 91' lang='lat'>‚</span> <span class='ocrx_word' id='word_1_46' title='bbox 1144 708 1199 768; x_wconf 71' lang='lat'><em>6·</em></span> <span class='ocrx_word' id='word_1_47' title='bbox 1217 710 1279 769; x_wconf 80' lang='lat' dir='ltr'><em>in</em></span> <span class='ocrx_word' id='word_1_48' title='bbox 1302 708 1513 767; x_wconf 84' lang='lat' dir='ltr'><em>occulto</em></span> <span class='ocrx_word' id='word_1_49' title='bbox 1534 706 1773 785; x_wconf 75' lang='lat' dir='ltr'><em>colloqui,</em></span> 
     </span>
     <span class='ocr_line' id='line_1_8' title="bbox 441 786 1771 869; baseline 0.005 -28"><span class='ocrx_word' id='word_1_50' title='bbox 441 786 592 863; x_wconf 82' lang='lat' dir='ltr'><em>quod</em></span> <span class='ocrx_word' id='word_1_51' title='bbox 618 806 747 845; x_wconf 76' lang='lat' dir='ltr'><em>mox</em></span> <span class='ocrx_word' id='word_1_52' title='bbox 790 789 850 847; x_wconf 80' lang='lat' dir='ltr'><em>irz</em></span> <span class='ocrx_word' id='word_1_53' title='bbox 893 792 1129 849; x_wconf 82' lang='lat' dir='ltr'><em>omnium</em></span> <span class='ocrx_word' id='word_1_54' title='bbox 1176 791 1464 869; x_wconf 75' lang='lat' dir='ltr'><em>perniciem</em></span> <span class='ocrx_word' id='word_1_55' title='bbox 1509 802 1771 868; x_wconf 82' lang='lat' dir='ltr'><em>erupturum</em></span> 
     </span>
     <span class='ocr_line' id='line_1_9' title="bbox 441 859 1775 947; baseline 0 -23"><span class='ocrx_word' id='word_1_56' title='bbox 441 859 583 943; x_wconf 80' lang='lat' dir='ltr'><em>effit.</em></span> <span class='ocrx_word' id='word_1_57' title='bbox 624 862 1009 929; x_wconf 86' lang='lat' dir='ltr'><em>Conclamare</em></span> <span class='ocrx_word' id='word_1_58' title='bbox 1056 890 1259 929; x_wconf 87' lang='lat' dir='ltr'><em>omnes</em></span> <span class='ocrx_word' id='word_1_59' title='bbox 1285 912 1307 941; x_wconf 88' lang='lat'>,</span> <span class='ocrx_word' id='word_1_60' title='bbox 1364 870 1562 930; x_wconf 87' lang='lat' dir='ltr'><em>Vocari</em></span> <span class='ocrx_word' id='word_1_61' title='bbox 1590 868 1775 947; x_wconf 82' lang='lat' dir='ltr'><em>Aristo-</em></span> 
     </span>
     <span class='ocr_line' id='line_1_10' title="bbox 441 947 1780 1029; baseline 0 -24"><span class='ocrx_word' id='word_1_62' title='bbox 441 966 562 1005; x_wconf 82' lang='lat' dir='ltr'><em>nem</em></span> <span class='ocrx_word' id='word_1_63' title='bbox 603 948 815 1023; x_wconf 84' lang='lat' dir='ltr'><em>debere,</em></span> <span class='ocrx_word' id='word_1_64' title='bbox 847 948 902 1008; x_wconf 65' lang='grc' dir='ltr'><em>θ’</em></span> <span class='ocrx_word' id='word_1_65' title='bbox 933 952 1095 1029; x_wconf 72' lang='lat' dir='ltr'><em>quari</em></span> <span class='ocrx_word' id='word_1_66' title='bbox 1104 993 1126 1020; x_wconf 91' lang='lat'>‚</span> <span class='ocrx_word' id='word_1_67' title='bbox 1148 952 1283 1029; x_wconf 84' lang='lat' dir='ltr'><em>quid</em></span> <span class='ocrx_word' id='word_1_68' title='bbox 1302 948 1521 1029; x_wconf 80' lang='lat' dir='ltr'><em>veniffit</em></span> <span class='ocrx_word' id='word_1_69' title='bbox 1538 972 1562 1021; x_wconf 75' lang='lat'><em>‚-</em></span> <span class='ocrx_word' id='word_1_70' title='bbox 1586 948 1637 1007; x_wconf 70' lang='lat'><em>6·</em></span> <span class='ocrx_word' id='word_1_71' title='bbox 1652 992 1672 1018; x_wconf 91' lang='lat'>‚</span> <span class='ocrx_word' id='word_1_72' title='bbox 1691 947 1780 1023; x_wconf 85' lang='lat' dir='ltr'><em>nisi</em></span> 
     </span>
     <span class='ocr_line' id='line_1_11' title="bbox 441 1024 1773 1111; baseline 0 -26"><span class='ocrx_word' id='word_1_73' title='bbox 441 1045 760 1107; x_wconf 72' lang='lat' dir='ltr'><em>expromeret</em></span> <span class='ocrx_word' id='word_1_74' title='bbox 781 1070 804 1101; x_wconf 79' lang='lat'>,</span> <span class='ocrx_word' id='word_1_75' title='bbox 837 1047 954 1090; x_wconf 84' lang='lat' dir='ltr'><em>cum</em></span> <span class='ocrx_word' id='word_1_76' title='bbox 990 1031 1185 1111; x_wconf 83' lang='lat' dir='ltr'><em>legatis</em></span> <span class='ocrx_word' id='word_1_77' title='bbox 1207 1034 1441 1091; x_wconf 83' lang='lat' dir='ltr'><em>Romam</em></span> <span class='ocrx_word' id='word_1_78' title='bbox 1468 1030 1605 1089; x_wconf 82' lang='lat' dir='ltr'><em>mitti</em></span> <span class='ocrx_word' id='word_1_79' title='bbox 1622 1051 1638 1088; x_wconf 89' lang='lat'><em>.·</em></span> <span class='ocrx_word' id='word_1_80' title='bbox 1650 1024 1773 1104; x_wconf 72' lang='lat' dir='ltr'><em>satis</em></span> 
     </span>
     <span class='ocr_line' id='line_1_12' title="bbox 435 1109 1777 1190; baseline 0.003 -23"><span class='ocrx_word' id='word_1_81' title='bbox 435 1128 541 1189; x_wconf 85' lang='lat' dir='ltr'><em>pro</em></span> <span class='ocrx_word' id='word_1_82' title='bbox 593 1112 880 1170; x_wconf 77' lang='lat' dir='ltr'><em>temeritate</em></span> <span class='ocrx_word' id='word_1_83' title='bbox 922 1113 1090 1172; x_wconf 79' lang='lat' dir='ltr'><em>unius</em></span> <span class='ocrx_word' id='word_1_84' title='bbox 1138 1112 1376 1171; x_wconf 81' lang='lat' dir='ltr'><em>hominis</em></span> <span class='ocrx_word' id='word_1_85' title='bbox 1415 1109 1777 1190; x_wconf 83' lang='lat' dir='ltr'><em>fitppliciorum</em></span> 
     </span>
     <span class='ocr_line' id='line_1_13' title="bbox 435 1187 1774 1273; baseline 0 -26"><span class='ocrx_word' id='word_1_86' title='bbox 435 1187 660 1269; x_wconf 56' lang='lat' dir='ltr'><em>pensam</em></span> <span class='ocrx_word' id='word_1_87' title='bbox 695 1188 810 1269; x_wconf 81' lang='lat' dir='ltr'><em>effe·</em></span> <span class='ocrx_word' id='word_1_88' title='bbox 843 1192 1105 1251; x_wconf 76' lang='lat' dir='ltr'><em>Privatos</em></span> <span class='ocrx_word' id='word_1_89' title='bbox 1129 1190 1236 1269; x_wconf 81' lang='lat' dir='ltr'><em>fito</em></span> <span class='ocrx_word' id='word_1_90' title='bbox 1266 1192 1507 1273; x_wconf 82' lang='lat' dir='ltr'><em>periculo</em></span> <span class='ocrx_word' id='word_1_91' title='bbox 1536 1206 1774 1271; x_wconf 84' lang='lat' dir='ltr'><em>peccatu·</em></span> 
     </span>
     <span class='ocr_line' id='line_1_14' title="bbox 393 1270 1773 1352; baseline -0.001 -23"><span class='ocrx_word' id='word_1_92' title='bbox 393 1275 398 1281; x_wconf 85' lang='lat'>&#39;</span> <span class='ocrx_word' id='word_1_93' title='bbox 445 1290 536 1329; x_wconf 86' lang='lat' dir='ltr'><em>ros</em></span> <span class='ocrx_word' id='word_1_94' title='bbox 559 1292 587 1343; x_wconf 85' lang='lat'><em>‚·</em></span> <span class='ocrx_word' id='word_1_95' title='bbox 623 1273 998 1352; x_wconf 74' lang='lat' dir='ltr'><em>rempublicam</em></span> <span class='ocrx_word' id='word_1_96' title='bbox 1030 1294 1142 1333; x_wconf 80' lang='lat' dir='ltr'><em>non</em></span> <span class='ocrx_word' id='word_1_97' title='bbox 1176 1290 1329 1332; x_wconf 84' lang='lat' dir='ltr'><em>extra</em></span> <span class='ocrx_word' id='word_1_98' title='bbox 1362 1292 1569 1331; x_wconf 84' lang='lat' dir='ltr'><em>noxam</em></span> <span class='ocrx_word' id='word_1_99' title='bbox 1602 1270 1739 1329; x_wconf 74' lang='lat' dir='ltr'><em>modo</em></span> <span class='ocrx_word' id='word_1_100' title='bbox 1752 1313 1773 1339; x_wconf 93' lang='lat'>,</span> 
     </span>
     <span class='ocr_line' id='line_1_15' title="bbox 431 1348 1775 1493; baseline -0.001 -85"><span class='ocrx_word' id='word_1_101' title='bbox 431 1348 538 1427; x_wconf 76' lang='lat' dir='ltr'><em>sed</em></span> <span class='ocrx_word' id='word_1_102' title='bbox 561 1353 722 1411; x_wconf 84' lang='lat' dir='ltr'><em>etiam</em></span> <span class='ocrx_word' id='word_1_103' title='bbox 755 1352 1134 1493; x_wconf 45' lang='lat' dir='ltr'><em>extrcxamam</em></span> <span class='ocrx_word' id='word_1_104' title='bbox 1160 1374 1321 1413; x_wconf 75' lang='lat' dir='ltr'><em>noxa</em></span> <span class='ocrx_word' id='word_1_105' title='bbox 1340 1398 1363 1424; x_wconf 93' lang='lat'>,</span> <span class='ocrx_word' id='word_1_106' title='bbox 1387 1350 1775 1491; x_wconf 45' lang='lat' dir='ltr'><em>cortrfirvarzdam</em></span> 
     </span>
     <span class='ocr_line' id='line_1_16' title="bbox 444 1426 1777 1515; baseline -0.003 -25"><span class='ocrx_word' id='word_1_107' title='bbox 444 1428 561 1509; x_wconf 71' lang='grc' dir='ltr'><em>ςθὶ.</em></span> <span class='ocrx_word' id='word_1_108' title='bbox 602 1430 860 1491; x_wconf 83' lang='lat' dir='ltr'><em>Vocatus</em></span> <span class='ocrx_word' id='word_1_109' title='bbox 952 1431 1089 1493; x_wconf 73' lang='lat' dir='ltr'><em>cisto</em></span> <span class='ocrx_word' id='word_1_110' title='bbox 1134 1453 1369 1515; x_wconf 79' lang='lat' dir='ltr'><em>purgate</em></span> <span class='ocrx_word' id='word_1_111' title='bbox 1404 1431 1462 1491; x_wconf 89' lang='lat' dir='ltr'><em>se</em></span> <span class='ocrx_word' id='word_1_112' title='bbox 1488 1452 1521 1492; x_wconf 89' lang='lat' dir='ltr'><em>e</em></span> <span class='ocrx_word' id='word_1_113' title='bbox 1541 1475 1560 1503; x_wconf 87' lang='lat'>‚</span> <span class='ocrx_word' id='word_1_114' title='bbox 1597 1432 1656 1493; x_wconf 88' lang='lat'>&amp;</span> <span class='ocrx_word' id='word_1_115' title='bbox 1688 1426 1777 1487; x_wconf 83' lang='lat' dir='ltr'><em>fir-</em></span> 
     </span>
     <span class='ocr_line' id='line_1_17' title="bbox 443 1508 1777 1597; baseline 0 -28"><span class='ocrx_word' id='word_1_116' title='bbox 443 1508 691 1573; x_wconf 85' lang='lat' dir='ltr'><em>miffimo</em></span> <span class='ocrx_word' id='word_1_117' title='bbox 711 1508 1152 1597; x_wconf 70' lang='lat' dir='ltr'><em>propugnaculo</em></span> <span class='ocrx_word' id='word_1_118' title='bbox 1189 1518 1317 1585; x_wconf 86' lang='lat' dir='ltr'><em>uti,</em></span> <span class='ocrx_word' id='word_1_119' title='bbox 1349 1512 1509 1594; x_wconf 76' lang='lat' dir='ltr'><strong>qubd</strong></span> <span class='ocrx_word' id='word_1_120' title='bbox 1540 1510 1673 1571; x_wconf 84' lang='lat' dir='ltr'>nihil</span> <span class='ocrx_word' id='word_1_121' title='bbox 1700 1511 1777 1570; x_wconf 86' lang='lat' dir='ltr'><em>lit·</em></span> 
     </span>
     <span class='ocr_line' id='line_1_18' title="bbox 441 1592 1775 1676; baseline -0.001 -25"><span class='ocrx_word' id='word_1_122' title='bbox 441 1608 691 1651; x_wconf 83' lang='lat' dir='ltr'><em>terarum</em></span> <span class='ocrx_word' id='word_1_123' title='bbox 724 1594 796 1653; x_wconf 83' lang='lat' dir='ltr'><em>ad</em></span> <span class='ocrx_word' id='word_1_124' title='bbox 823 1614 1173 1676; x_wconf 87' lang='lat' dir='ltr'><em>quemquam</em></span> <span class='ocrx_word' id='word_1_125' title='bbox 1204 1592 1471 1655; x_wconf 77' lang='lat' dir='ltr'><em>attuliss&#39;et</em></span> <span class='ocrx_word' id='word_1_126' title='bbox 1496 1614 1509 1653; x_wconf 75' lang='grc' dir='ltr'><strong><em>ε</em></strong></span> <span class='ocrx_word' id='word_1_127' title='bbox 1548 1609 1775 1652; x_wconf 87' lang='lat' dir='ltr'><em>ceterum</em></span> 
     </span>
     <span class='ocr_line' id='line_1_19' title="bbox 441 1672 1775 1756; baseline 0 -24"><span class='ocrx_word' id='word_1_128' title='bbox 441 1692 552 1733; x_wconf 84' lang='lat' dir='ltr'><em>nec</em></span> <span class='ocrx_word' id='word_1_129' title='bbox 579 1672 799 1734; x_wconf 84' lang='lat' dir='ltr'><em>causam</em></span> <span class='ocrx_word' id='word_1_130' title='bbox 835 1674 1115 1736; x_wconf 70' lang='lat' dir='ltr'><em>adventfis</em></span> <span class='ocrx_word' id='word_1_131' title='bbox 1148 1673 1277 1735; x_wconf 84' lang='lat' dir='ltr'><em>satis</em></span> <span class='ocrx_word' id='word_1_132' title='bbox 1316 1673 1683 1756; x_wconf 84' lang='lat' dir='ltr'><em>expediebat,</em></span> <span class='ocrx_word' id='word_1_133' title='bbox 1716 1672 1775 1733; x_wconf 72' lang='grc' dir='ltr'><strong>δί</strong></span> 
     </span>
     <span class='ocr_line' id='line_1_20' title="bbox 441 1752 1776 1837; baseline -0.002 -24"><span class='ocrx_word' id='word_1_134' title='bbox 441 1755 504 1815; x_wconf 89' lang='lat' dir='ltr'><em>in</em></span> <span class='ocrx_word' id='word_1_135' title='bbox 539 1774 613 1815; x_wconf 91' lang='lat' dir='ltr'><em>eo</em></span> <span class='ocrx_word' id='word_1_136' title='bbox 646 1756 891 1815; x_wconf 72' lang='lat' dir='ltr'><em>maxime</em></span> <span class='ocrx_word' id='word_1_137' title='bbox 926 1754 1212 1815; x_wconf 83' lang='lat' dir='ltr'><em>haefitabat</em></span> <span class='ocrx_word' id='word_1_138' title='bbox 1232 1801 1252 1830; x_wconf 90' lang='lat'><strong>,</strong></span> <span class='ocrx_word' id='word_1_139' title='bbox 1294 1755 1455 1837; x_wconf 89' lang='lat' dir='ltr'><em>quod</em></span> <span class='ocrx_word' id='word_1_140' title='bbox 1500 1774 1626 1814; x_wconf 85' lang='lat' dir='ltr'><em>cum</em></span> <span class='ocrx_word' id='word_1_141' title='bbox 1656 1752 1776 1813; x_wconf 81' lang='lat' dir='ltr'><em>Bar-</em></span> 
     </span>
     <span class='ocr_line' id='line_1_21' title="bbox 443 1833 1780 1898; baseline -0.001 -3"><span class='ocrx_word' id='word_1_142' title='bbox 443 1837 591 1896; x_wconf 78' lang='lat' dir='ltr'><em>cinae</em></span> <span class='ocrx_word' id='word_1_143' title='bbox 639 1833 824 1897; x_wconf 67' lang='lat' dir='ltr'><em>solhm</em></span> <span class='ocrx_word' id='word_1_144' title='bbox 874 1834 1133 1898; x_wconf 56' lang='lat' dir='ltr'><em>factionis</em></span> <span class='ocrx_word' id='word_1_145' title='bbox 1174 1836 1501 1897; x_wconf 83' lang='lat' dir='ltr'><em>hominibus</em></span> <span class='ocrx_word' id='word_1_146' title='bbox 1545 1834 1780 1896; x_wconf 77' lang='lat' dir='ltr'><em>collocu-</em></span> 
     </span>
     <span class='ocr_line' id='line_1_22' title="bbox 441 1914 1778 2000; baseline -0.003 -22"><span class='ocrx_word' id='word_1_147' title='bbox 441 1933 568 1978; x_wconf 87' lang='lat' dir='ltr'><em>tum</em></span> <span class='ocrx_word' id='word_1_148' title='bbox 605 1939 738 1980; x_wconf 89' lang='lat' dir='ltr'><em>eum</em></span> <span class='ocrx_word' id='word_1_149' title='bbox 769 1918 1101 2000; x_wconf 81' lang='lat' dir='ltr'><em>arguebant.</em></span> <span class='ocrx_word' id='word_1_150' title='bbox 1131 1914 1281 1978; x_wconf 88' lang='lat' dir='ltr'><em>Orta</em></span> <span class='ocrx_word' id='word_1_151' title='bbox 1320 1917 1531 1977; x_wconf 85' lang='lat' dir='ltr'><em>deinde</em></span> <span class='ocrx_word' id='word_1_152' title='bbox 1570 1917 1778 1976; x_wconf 84' lang='lat' dir='ltr'><em>alterca-</em></span> 
     </span>
     <span class='ocr_line' id='line_1_23' title="bbox 441 1995 1779 2080; baseline -0.003 -22"><span class='ocrx_word' id='word_1_153' title='bbox 441 2000 528 2058; x_wconf 87' lang='lat' dir='ltr'><em>tio</em></span> <span class='ocrx_word' id='word_1_154' title='bbox 569 1997 650 2058; x_wconf 88' lang='lat' dir='ltr'><em>est</em></span> <span class='ocrx_word' id='word_1_155' title='bbox 669 2044 690 2073; x_wconf 89' lang='lat'>,</span> <span class='ocrx_word' id='word_1_156' title='bbox 714 1999 834 2058; x_wconf 54' lang='lat' dir='ltr'><strong>alii&amp;</strong></span> <span class='ocrx_word' id='word_1_157' title='bbox 915 2021 980 2060; x_wconf 85' lang='lat' dir='ltr'><em>ro</em></span> <span class='ocrx_word' id='word_1_158' title='bbox 1011 1997 1362 2080; x_wconf 87' lang='lat' dir='ltr'><em>speculatore</em></span> <span class='ocrx_word' id='word_1_159' title='bbox 1393 1995 1779 2079; x_wconf 85' lang='lat' dir='ltr'><em>comprehendi</em></span> 
     </span>
     <span class='ocr_line' id='line_1_24' title="bbox 438 2022 1778 2160; baseline -0.001 -22"><span class='ocrx_word' id='word_1_160' title='bbox 438 2075 556 2157; x_wconf 86' lang='lat' dir='ltr'><em>jam</em></span> <span class='ocrx_word' id='word_1_161' title='bbox 593 2081 657 2140; x_wconf 91' lang='lat'>&amp;</span> <span class='ocrx_word' id='word_1_162' title='bbox 685 2022 955 2141; x_wconf 50' lang='lat' dir='ltr'><em>custocf‘iri</em></span> <span class='ocrx_word' id='word_1_163' title='bbox 993 2078 1322 2160; x_wconf 80' lang='lat' dir='ltr'><em>jubentibus</em></span> <span class='ocrx_word' id='word_1_164' title='bbox 1344 2124 1363 2153; x_wconf 90' lang='lat'><strong>,</strong></span> <span class='ocrx_word' id='word_1_165' title='bbox 1392 2078 1518 2139; x_wconf 86' lang='lat' dir='ltr'><em>aliis</em></span> <span class='ocrx_word' id='word_1_166' title='bbox 1550 2080 1778 2160; x_wconf 82' lang='lat' dir='ltr'><em>neganti·</em></span> 
     </span>
     <span class='ocr_line' id='line_1_25' title="bbox 442 2157 1775 2231; baseline 0 -13"><span class='ocrx_word' id='word_1_167' title='bbox 442 2157 550 2218; x_wconf 87' lang='lat' dir='ltr'><em>bus</em></span> <span class='ocrx_word' id='word_1_168' title='bbox 581 2201 600 2231; x_wconf 94' lang='lat'><strong>,</strong></span> <span class='ocrx_word' id='word_1_169' title='bbox 635 2161 1014 2220; x_wconf 84' lang='lat' dir='ltr'><em>tumultuandi</em></span> <span class='ocrx_word' id='word_1_170' title='bbox 1054 2160 1275 2220; x_wconf 86' lang='lat' dir='ltr'><em>causam</em></span> <span class='ocrx_word' id='word_1_171' title='bbox 1318 2157 1449 2220; x_wconf 85' lang='lat' dir='ltr'><em>esse.</em></span> <span class='ocrx_word' id='word_1_172' title='bbox 1502 2161 1651 2220; x_wconf 84' lang='lat' dir='ltr'><em>Mali</em></span> <span class='ocrx_word' id='word_1_173' title='bbox 1686 2179 1775 2218; x_wconf 83' lang='lat' dir='ltr'><em>rem</em></span> 
     </span>
     <span class='ocr_line' id='line_1_26' title="bbox 447 2238 1776 2322; baseline 0 -25"><span class='ocrx_word' id='word_1_174' title='bbox 447 2241 679 2321; x_wconf 86' lang='lat' dir='ltr'><em>exempli</em></span> <span class='ocrx_word' id='word_1_175' title='bbox 707 2238 804 2317; x_wconf 74' lang='lat' dir='ltr'><em>effe</em></span> <span class='ocrx_word' id='word_1_176' title='bbox 819 2285 841 2312; x_wconf 86' lang='lat'>‚</span> <span class='ocrx_word' id='word_1_177' title='bbox 865 2246 929 2301; x_wconf 88' lang='lat' dir='ltr'><em>de</em></span> <span class='ocrx_word' id='word_1_178' title='bbox 959 2242 1137 2302; x_wconf 79' lang='lat' dir='ltr'><em>nihilo</em></span> <span class='ocrx_word' id='word_1_179' title='bbox 1165 2240 1398 2322; x_wconf 74' lang='lat' dir='ltr'><em>hospites</em></span> <span class='ocrx_word' id='word_1_180' title='bbox 1427 2243 1627 2320; x_wconf 85' lang='lat' dir='ltr'><em>corripi.</em></span> <span class='ocrx_word' id='word_1_181' title='bbox 1648 2239 1776 2298; x_wconf 85' lang='lat' dir='ltr'><em>Idem</em></span> 
     </span>
     <span class='ocr_line' id='line_1_27' title="bbox 443 2321 1778 2404; baseline -0.004 -21"><span class='ocrx_word' id='word_1_182' title='bbox 443 2322 962 2403; x_wconf 77' lang='lat' dir='ltr'><em>Carthaginienfihus</em></span> <span class='ocrx_word' id='word_1_183' title='bbox 981 2367 1005 2394; x_wconf 90' lang='lat'>,</span> <span class='ocrx_word' id='word_1_184' title='bbox 1034 2322 1089 2382; x_wconf 66' lang='grc' dir='ltr'><em>θ’</em></span> <span class='ocrx_word' id='word_1_185' title='bbox 1126 2325 1255 2404; x_wconf 85' lang='lat' dir='ltr'><em>Tyri</em></span> <span class='ocrx_word' id='word_1_186' title='bbox 1276 2367 1295 2397; x_wconf 93' lang='lat'><strong>,</strong></span> <span class='ocrx_word' id='word_1_187' title='bbox 1334 2321 1390 2381; x_wconf 72' lang='grc'><em>6·</em></span> <span class='ocrx_word' id='word_1_188' title='bbox 1430 2323 1491 2382; x_wconf 86' lang='lat' dir='ltr'><em>in</em></span> <span class='ocrx_word' id='word_1_189' title='bbox 1525 2323 1649 2381; x_wconf 86' lang='lat' dir='ltr'><em>aliis</em></span> <span class='ocrx_word' id='word_1_190' title='bbox 1682 2341 1778 2378; x_wconf 84' lang='lat' dir='ltr'><em>em-</em></span> 
     </span>
     <span class='ocr_line' id='line_1_28' title="bbox 434 2402 1775 2483; baseline 0 -23"><span class='ocrx_word' id='word_1_191' title='bbox 434 2403 613 2482; x_wconf 84' lang='lat' dir='ltr'><em>poriis</em></span> <span class='ocrx_word' id='word_1_192' title='bbox 633 2445 654 2472; x_wconf 82' lang='lat'>‚</span> <span class='ocrx_word' id='word_1_193' title='bbox 690 2405 750 2462; x_wconf 82' lang='lat' dir='ltr'><em>in</em></span> <span class='ocrx_word' id='word_1_194' title='bbox 774 2425 888 2482; x_wconf 82' lang='lat' dir='ltr'><em>quae</em></span> <span class='ocrx_word' id='word_1_195' title='bbox 907 2402 1211 2483; x_wconf 73' lang='lat' dir='ltr'><em>frequenter</em></span> <span class='ocrx_word' id='word_1_196' title='bbox 1230 2419 1517 2472; x_wconf 84' lang='lat' dir='ltr'><em>commeent</em></span> <span class='ocrx_word' id='word_1_197' title='bbox 1534 2448 1557 2475; x_wconf 89' lang='lat'><em>,</em></span> <span class='ocrx_word' id='word_1_198' title='bbox 1586 2417 1775 2464; x_wconf 74' lang='lat' dir='ltr'><em>eventu·</em></span> 
     </span>
     <span class='ocr_line' id='line_1_29' title="bbox 439 2479 1775 2557; baseline 0.001 -17"><span class='ocrx_word' id='word_1_199' title='bbox 439 2505 574 2542; x_wconf 75' lang='lat' dir='ltr'><em>rum.</em></span> <span class='ocrx_word' id='word_1_200' title='bbox 608 2479 806 2542; x_wconf 79' lang='lat' dir='ltr'><em>Dilata</em></span> <span class='ocrx_word' id='word_1_201' title='bbox 835 2505 907 2543; x_wconf 92' lang='lat' dir='ltr'><em>eo</em></span> <span class='ocrx_word' id='word_1_202' title='bbox 945 2484 1040 2544; x_wconf 88' lang='lat' dir='ltr'><em>die</em></span> <span class='ocrx_word' id='word_1_203' title='bbox 1067 2504 1157 2543; x_wconf 87' lang='lat' dir='ltr'><em>res</em></span> <span class='ocrx_word' id='word_1_204' title='bbox 1190 2481 1290 2544; x_wconf 88' lang='lat' dir='ltr'><em>est.</em></span> <span class='ocrx_word' id='word_1_205' title='bbox 1327 2481 1563 2557; x_wconf 80' lang='lat' dir='ltr'><em>Ariste,</em></span> <span class='ocrx_word' id='word_1_206' title='bbox 1585 2481 1775 2542; x_wconf 83' lang='lat' dir='ltr'><em>Punico</em></span> 
     </span>
     <span class='ocr_line' id='line_1_30' title="bbox 439 2561 1775 2640; baseline 0.002 -22"><span class='ocrx_word' id='word_1_207' title='bbox 439 2563 675 2640; x_wconf 86' lang='lat' dir='ltr'><em>ingenio</em></span> <span class='ocrx_word' id='word_1_208' title='bbox 723 2566 870 2624; x_wconf 85' lang='lat' dir='ltr'><em>inter</em></span> <span class='ocrx_word' id='word_1_209' title='bbox 913 2563 1124 2625; x_wconf 85' lang='lat' dir='ltr'><em>Poenos</em></span> <span class='ocrx_word' id='word_1_210' title='bbox 1170 2561 1299 2623; x_wconf 86' lang='lat' dir='ltr'>usus</span> <span class='ocrx_word' id='word_1_211' title='bbox 1318 2607 1339 2638; x_wconf 89' lang='lat'><strong>,</strong></span> <span class='ocrx_word' id='word_1_212' title='bbox 1370 2563 1605 2623; x_wconf 84' lang='lat' dir='ltr'><em>tabellas</em></span> <span class='ocrx_word' id='word_1_213' title='bbox 1654 2583 1775 2622; x_wconf 90' lang='lat' dir='ltr'><em>con-</em></span> 
     </span>
     <span class='ocr_line' id='line_1_31' title="bbox 437 2640 1771 2724; baseline 0 -22"><span class='ocrx_word' id='word_1_214' title='bbox 437 2640 667 2722; x_wconf 88' lang='lat' dir='ltr'><em>scriptas</em></span> <span class='ocrx_word' id='word_1_215' title='bbox 689 2643 1063 2706; x_wconf 86' lang='lat' dir='ltr'><em>celeberrimo</em></span> <span class='ocrx_word' id='word_1_216' title='bbox 1096 2646 1231 2705; x_wconf 89' lang='lat' dir='ltr'><em>loco</em></span> <span class='ocrx_word' id='word_1_217' title='bbox 1255 2643 1418 2724; x_wconf 84' lang='lat' dir='ltr'>supra</span> <span class='ocrx_word' id='word_1_218' title='bbox 1435 2642 1628 2704; x_wconf 85' lang='lat' dir='ltr'><em>sedem</em></span> <span class='ocrx_word' id='word_1_219' title='bbox 1651 2663 1771 2724; x_wconf 88' lang='lat' dir='ltr'><em>quo-</em></span> 
     </span>
     <span class='ocr_line' id='line_1_32' title="bbox 437 2719 1770 2806; baseline 0 -26"><span class='ocrx_word' id='word_1_220' title='bbox 437 2722 708 2784; x_wconf 85' lang='lat' dir='ltr'><em>tidianam</em></span> <span class='ocrx_word' id='word_1_221' title='bbox 746 2723 1171 2806; x_wconf 81' lang='lat' dir='ltr'><em>magistratuum</em></span> <span class='ocrx_word' id='word_1_222' title='bbox 1199 2725 1383 2806; x_wconf 62' lang='lat' dir='ltr'><em>prima</em></span> <span class='ocrx_word' id='word_1_223' title='bbox 1418 2722 1654 2806; x_wconf 59' lang='lat' dir='ltr'><em>vespera</em></span> <span class='ocrx_word' id='word_1_224' title='bbox 1680 2719 1770 2782; x_wconf 83' lang='lat' dir='ltr'>sus.—</span> 
     </span>
     <span class='ocr_line' id='line_1_33' title="bbox 435 2803 1769 2890; baseline 0.004 -26"><span class='ocrx_word' id='word_1_225' title='bbox 435 2803 636 2884; x_wconf 83' lang='lat' dir='ltr'><em>pendit</em></span> <span class='ocrx_word' id='word_1_226' title='bbox 669 2827 682 2866; x_wconf 80' lang='lat' dir='ltr'><strong><em>z</em></strong></span> <span class='ocrx_word' id='word_1_227' title='bbox 715 2803 832 2886; x_wconf 84' lang='lat' dir='ltr'><em>ipse</em></span> <span class='ocrx_word' id='word_1_228' title='bbox 865 2805 936 2868; x_wconf 87' lang='lat' dir='ltr'><em>de</em></span> <span class='ocrx_word' id='word_1_229' title='bbox 968 2807 1135 2869; x_wconf 84' lang='lat' dir='ltr'><em>tertia</em></span> <span class='ocrx_word' id='word_1_230' title='bbox 1186 2805 1386 2890; x_wconf 83' lang='lat' dir='ltr'><em>vigilia</em></span> <span class='ocrx_word' id='word_1_231' title='bbox 1418 2825 1625 2874; x_wconf 81' lang='lat' dir='ltr'><em>navem</em></span> <span class='ocrx_word' id='word_1_232' title='bbox 1656 2823 1769 2878; x_wconf 78' lang='lat' dir='ltr'><em>con:</em></span> 
     </span>
    </p>
   </div>
   <div class='ocr_carea' id='block_1_3' title="bbox 71 3314 1931 3652">
    <p class='ocr_par' dir='ltr' id='par_1_3' title="bbox 71 3314 1931 3652">
     <span class='ocr_line' id='line_1_34' title="bbox 71 3314 1931 3652; baseline 0 0"><span class='ocrx_word' id='word_1_233' title='bbox 71 3314 458 3652; x_wconf 67' lang='lat' dir='ltr'>fl</span> <span class='ocrx_word' id='word_1_234' title='bbox 1898 3595 1931 3652; x_wconf 53' lang='lat' dir='ltr'><em>„A</em></span> 
     </span>
    </p>
   </div>
   <div class='ocr_carea' id='block_1_4' title="bbox 1920 332 1939 2268">
    <p class='ocr_par' dir='ltr' id='par_1_4' title="bbox 1920 332 1939 2268">
     <span class='ocr_line' id='line_1_35' title="bbox 1920 332 1939 2268; baseline 0 0"><span class='ocrx_word' id='word_1_235' title='bbox 1920 332 1939 2268; x_wconf 95' lang='lat' dir='ltr'><em> </em></span> 
     </span>
    </p>
   </div>
   <div class='ocr_carea' id='block_1_5' title="bbox 66 3310 462 3656">
    <p class='ocr_par' dir='ltr' id='par_1_5' title="bbox 66 3310 462 3656">
     <span class='ocr_line' id='line_1_36' title="bbox 66 3310 462 3656; baseline 0 35"><span class='ocrx_word' id='word_1_236' title='bbox 66 3310 462 3656; x_wconf 95' lang='lat' dir='ltr'><em> </em></span> 
     </span>
    </p>
   </div>
   <div class='ocr_carea' id='block_1_6' title="bbox 1926 2425 1934 3310">
    <p class='ocr_par' dir='ltr' id='par_1_6' title="bbox 1926 2425 1934 3310">
     <span class='ocr_line' id='line_1_37' title="bbox 1926 2425 1934 3310; baseline 0 0"><span class='ocrx_word' id='word_1_237' title='bbox 1926 2425 1934 3310; x_wconf 95' lang='lat' dir='ltr'><em> </em></span> 
     </span>
    </p>
   </div>
  </div>
 </body>
</html>
