2004 3691
430 268 561 337 142
814 245 888 317 T.
987 250 1408 319 LIVII

201 379 391 416 εει-.-
497 363 578 433 od
610 363 1052 425 obmolirentur.
1070 363 1366 424 Romanus
1390 366 1558 424 leves
1577 407 1597 435 ‚
1623 361 1694 426 &
1713 359 1800 425 bi·

204 437 395 540 ἳὸξζξζ
484 464 613 504 rcos
633 444 965 527 plerosque,
986 447 1241 510 &trium
1261 490 1280 520 ,
1305 461 1431 518 aut,
1455 465 1641 526 quum
1668 447 1802 525 plu-

255 537 405 578 Roma-
423 527 628 584 timum
658 571 677 598 ,
714 543 956 606 quatuor
1001 545 1296 585 ramorum
1331 525 1522 586 vallos
1577 527 1800 598 caedit,

205 600 353 628 ''⁰¹⁶¹'‘
423 621 487 664 ut
525 607 587 666 &
613 597 893 686 ‘suspensis
924 604 993 664 ab
1024 623 1191 687 tergo
1217 607 1384 665 armis
1415 604 1562 664 ferat
1589 602 1798 684 ⁴plures

422 684 587 744 simul
619 687 748 767 apte
796 685 959 744 miles
990 707 1010 758 ;
1045 687 1110 746 &
1143 687 1221 745 ita
1269 683 1474 746 densos
1521 684 1800 767 obfigunt

422 767 503 824 im
546 765 831 846 licantque
868 787 1058 826 ramos
1085 809 1105 838 ,
1145 783 1209 826 ut
1242 783 1433 848 neque
1457 810 1481 838 ,
1512 787 1646 846 quae
1691 787 1802 827 cu-

425 787 624 927 juiiiue
655 844 852 927 stipitis
882 846 1072 927 palma
1101 843 1168 906 fit
1190 887 1210 919 ,
1245 846 1537 928 pervideri
1563 843 1744 926 poffit
1772 866 1798 920 ,3

428 928 495 988 &
527 927 672 991 adeo
702 929 887 1000 acuti,
915 924 1164 1006 aliusque
1209 947 1312 1006 per
1344 926 1517 986 alium
1559 924 1802 986 immiffi

424 1006 569 1066 radii
594 1007 791 1068 locum
820 1007 894 1066 ad
922 1005 1280 1067 inferendam
1298 1028 1532 1070 manum
1555 1029 1680 1068 non
1699 1026 1804 1066 re·-

427 1085 691 1169 linquunt
708 1131 729 1162 ,
759 1104 821 1147 ut
858 1107 1044 1168 neque
1081 1088 1393 1168 prehendi,
1415 1087 1579 1168 quod
1599 1087 1811 1147 traha-

430 1183 523 1230 tur
544 1211 563 1240 ‚
593 1189 781 1248 neque
800 1169 941 1227 trahi
964 1211 984 1239 ‚
1015 1189 1194 1249 quum
1218 1170 1367 1228 inter
1397 1167 1454 1229 se
1479 1170 1680 1228 innexi
1711 1189 1808 1228 ra-

427 1249 508 1308 mi
526 1247 819 1308 vinculum
843 1248 903 1306 in
921 1251 1115 1307 vicem
1135 1249 1456 1328 praebeant‚
1474 1246 1681 1328 posfit:
1711 1251 1812 1321 &,

429 1326 472 1386 s1
503 1325 728 1388 evulsus
759 1327 909 1388 forte
938 1326 1022 1387 est
1053 1349 1228 1402 unus»,
1261 1349 1369 1389 nec
1401 1328 1516 1388 loci
1543 1331 1805 1390 multum

429 1409 648 1490 aperit,
678 1409 743 1468 δε
772 1408 945 1467 alium
976 1429 1038 1468 re
1081 1427 1260 1468 onere
1291 1405 1564 1492 perfacile
1603 1407 1711 1470 est.

506 1485 615 1548 VI.
640 1486 915 1568 Quintius
943 1510 1025 1568 po
1075 1509 1177 1548 ero
1195 1490 1326 1562 die„
1345 1490 1567 1549 vallum
1594 1489 1802 1551 secum

429 1565 649 1628 ferente
690 1568 872 1630 milite
894 1613 915 1644 ,
953 1575 1018 1628 ut
1051 1586 1274 1650 paratus
1315 1573 1478 1630 omni
1514 1570 1650 1630 loco
1687 1570 1806 1630 cas-

431 1651 531 1708 tris
572 1650 855 1732 ponendis
897 1643 1075 1720 esset,
1117 1671 1228 1730 pro
1267 1649 1436 1710 ress'us
1492 1651 1802 1710 modicum

432 1729 539 1789 iter
562 1773 581 1801 ,
611 1727 707 1790 sex
740 1728 919 1790 ferme
954 1729 1134 1790 millia
1154 1751 1189 1789 a
1267 1731 1414 1790 heris
1438 1751 1617 1812 quum
1650 1753 1804 1791 con·-

433 1807 654 1870 sedisset
674 1857 693 1887 ,
722 1808 1071 1892 speculatum
1093 1813 1150 1871 in
1173 1823 1284 1891 qua
1303 1827 1465 1892 parte
1490 1808 1806 1872 Thessaliae.

432 1888 609 1949 hostis
640 1888 812 1963 esset,
844 1892 1059 1973 quidve
1103 1909 1366 1972 pararet,
1397 1890 1564 1953 mifit.
1617 1890 1804 1953 Circa

432 1969 697 2031 Lariffam
738 1989 855 2031 erat
886 1992 1030 2045 rex3
1065 1974 1164 2052 qui
1195 1974 1407 2035 certior
1438 1970 1558 2053 jam‘
1583 1971 1800 2045 faetus,

270 2068 415 2109 mm„
432 2050 763 2111 Romanum
780 2052 855 2109 ab
896 2049 1117 2111 Thebis
1147 2051 1356 2113 Pheras
1381 2050 1622 2114 moviffe
1643 2098 1661 2127 ‚
1695 2054 1804 2113 de-

220 2130 406 2213 ξζὶζῖῖξω
436 2130 594 2213 fungi
630 2133 1050 2214 quamprimum
1083 2132 1147 2192 &
1187 2130 1304 2213 ipse
1345 2134 1653 2192 certamine
1687 2156 1800 2195 cu-

221 2218 341 2255 κώ·
438 2213 599 2294 piens
622 2258 643 2285 ,
678 2212 887 2272 ducere
920 2212 993 2273 ad
1033 2209 1254 2271 hostem
1289 2217 1513 2295 pergit,
1549 2214 1612 2273 &
1651 2234 1804 2293 qua-

435 2312 566 2353 tuor
590 2294 770 2353 millia
798 2292 915 2352 fere
940 2315 975 2351 a
992 2291 1188 2351 Pheris
1211 2292 1396 2373 posuit
1424 2292 1619 2353 castra.
1643 2292 1798 2355 Inde

433 2372 667 2456 postero
706 2374 797 2433 die
848 2392 1024 2455 quum
1079 2373 1332 2453 expediti
1377 2375 1662 2455 utrimque
1719 2374 1798 2435 ad

433 2455 801 2533 occupandos
827 2452 991 2535 super
1023 2452 1224 2512 urbem
1265 2454 1517 2513 tumulos
1555 2456 1800 2535 proces:-

432 2532 649 2606 fissent‚
674 2536 792 2615 pari
813 2532 995 2593 ferme
1019 2532 1324 2595 intervallo
1341 2535 1413 2593 ab
1433 2532 1600 2615 jug0‚
1627 2536 1797 2616 quod

429 2636 495 2673 ca
540 2614 772 2673 iendum
806 2630 923 2675 erat
944 2656 963 2689 ,
997 2634 1176 2693 quum
1209 2615 1352 2673 inter
1399 2612 1456 2675 se
1500 2614 1807 2696 conspedfi·

374 2748 387 2757 „
431 2636 606 2753 essxem
626 2739 644 2768 ‚
678 2692 1047 2753 constiterunt
1069 2738 1090 2767 ‚
1123 2696 1349 2755 nuntios
1380 2697 1439 2753 in
1481 2692 1660 2754 castra
1697 2716 1808 2757 τε·-

431 2772 653 2846 missos,
673 2776 768 2854 qui
783 2817 803 2847 ‚
817 2774 957 2853 quid
975 2772 1080 2833 fibi
1101 2816 1122 2845 ‚
1145 2776 1374 2855 quando
1393 2792 1606 2856 praeter
1629 2774 1798 2856 spem

428 2852 604 2926 hostis
639 2852 1001 2929 occurrisset,
1020 2853 1344 2937 faciendum
1381 2853 1562 2941 effsstae'
1591 2855 1808 2931 consu-q.
