2004 3691
374 256 748 327 LtBEn
846 254 1227 328 XXXV.
1352 268 1497 356 3331

135 387 214 432 tes
242 370 607 434 Alexameno
639 373 755 435 dati
792 373 919 434 sunt
943 418 965 448 ‚
1012 376 1077 436 &
1116 372 1347 457 triginta
1387 376 1496 436 de-
1514 410 1707 445 =====

139 452 256 513 leffi
293 474 368 514 ex
404 453 705 535 juventute
745 457 987 537 equites.
1038 454 1145 515 His
1178 476 1211 515 a
1248 474 1494 537 praetore
1513 466 1719 519 u.e.5⁶o.‚

139 531 472 597 Damocrito
510 537 570 594 in
605 532 846 597 confilio
883 555 1090 595 arcano
1134 538 1321 618 gentis
1346 582 1367 611 ,
1419 517 1711 599 de⁸'c‘¹‘³²⁰

142 634 250 694 quo
283 616 412 675 anth
447 614 657 675 dictum
695 614 777 676 est
796 659 815 689 ‚
852 616 1245 677 denuntiatum
1265 660 1286 690 ,
1316 620 1409 678 Ne
1434 617 1499 697 se

144 697 216 752 ad
241 696 436 757 bellum
464 698 778 757 Achaicum
808 714 907 756 aut
943 718 1046 756 rem
1078 698 1250 757 ullam
1267 742 1291 771 ,
1334 722 1499 779 quam

136 772 236 850 suci
255 774 390 856 quis
405 798 472 836 ue
501 778 759 857 opinione
772 780 1050 857 praecipere
1073 774 1245 857 poffet
1263 820 1284 853 ,
1325 784 1499 839 crede·

151 874 252 915 rent
281 860 355 916 mi
396 879 460 917 os
495 855 596 937 effe
624 880 642 918 .·
682 860 952 938 quidquid
980 859 1380 921 Alexamenum
1418 882 1499 921 res

151 939 320 996 monui
364 955 414 996 et
423 936 596 1017 subiti
616 938 822 1018 confilii
842 959 1028 1019 capere
1047 982 1070 1011 ,
1094 941 1173 997 ad
1192 941 1255 997 id
1265 984 1288 1010 ‚
1310 962 1503 1020 quam-

150 1018 234 1077 vis
259 1018 599 1100 inopinatum
620 1062 646 1091 ,
685 1022 1012 1079 temerarium
1043 1063 1066 1091 ,
1101 1021 1295 1078 audax
1311 1062 1334 1091 ,
1378 1023 1507 1081 obe-

154 1099 338 1158 dienter
373 1097 761 1180 exsequendum
775 1102 966 1181 parati
999 1099 1155 1181 ffnt
1174 1142 1193 1172 ‚
1220 1122 1286 1159 ac
1308 1122 1413 1181 pro
1440 1123 1503 1161 eo

155 1179 262 1249 acci
298 1196 439 1239 erent
459 1225 478 1254 ‚
516 1198 793 1260 tamquam
821 1183 901 1239 ad
935 1182 998 1240 id
1036 1202 1201 1239 unum
1240 1185 1505 1262 agendum

159 1200 324 1335 mifis
351 1262 424 1321 ab
467 1264 626 1320 domo
641 1258 703 1339 J}
722 1258 937 1339 scirent.
966 1256 1121 1320 Cum
1144 1262 1229 1319 his
1247 1261 1326 1321 ita
1358 1284 1503 1342 prae-

160 1342 354 1419 paratis
393 1339 786 1400 Alexamenus
829 1340 902 1402 ad
946 1358 1260 1422 tyrannum
1300 1346 1462 1403 venit
1484 1384 1507 1417 ,

162 1438 324 1499 quem
365 1421 676 1481 adveniens
711 1420 1006 1502 extemplo
1052 1421 1171 1502 spei
1222 1423 1507 1504 implevit.

160 1502 484 1561 Antiochum
524 1499 628 1561 'am
669 1504 728 1561 itt
759 1504 1037 1581 Europam
1070 1504 1235 1579 transt
1274 1526 1301 1563 e
1318 1546 1337 1575 ‚
1377 1526 1508 1565 mox

163 1580 218 1637 in
249 1582 456 1642 Graecia
515 1604 599 1642 ore
625 1603 644 1642 .·
678 1600 842 1641 tetras
865 1627 884 1657 ‚
936 1582 1110 1641 maria
1131 1626 1154 1652 ‚
1316 1586 1327 1596 '
1372 1628 1393 1657 ‚
1427 1588 1513 1643 vi-

164 1661 230 1718 ris
266 1663 658 1743 completurum.
678 1664 814 1723 Non
845 1683 964 1720 cum
987 1662 1249 1742 Philippo
1280 1685 1381 1721 rem
1414 1661 1513 1743 ff

165 1744 438 1803 credituros
467 1746 752 1804 Romanos
773 1764 787 1801 τ
807 1763 1079 1802 numerum
1115 1744 1241 1801 iniri
1268 1744 1533 1823 peditum*

167 1824 486 1905 equitumque
520 1845 591 1884 ac
620 1826 849 1884 navium
885 1844 994 1882 non
1023 1818 1175 1902 poffe
1208 1842 1223 1883 ε
1264 1824 1518 1906 elephan-

169 1918 328 1964 torum
339 1908 509 1966 aciem
522 1902 796 1985 conspeetu
810 1901 925 1984 ipso
939 1905 1336 1964 debellaturum.
1351 1907 1516 1965 AEtoss

171 1983 248 2042 los
280 2003 391 2046 toto
417 1983 522 2064 suo
562 1987 793 2045 exercitu
822 2002 1049 2065 paratos
1079 1981 1175 2060 ff
1205 1987 1382 2047 venire
1400 1989 1516 2046 La·

172 2067 501 2126 cedaemonem
517 2110 540 2139 ,
576 2087 739 2147 quum
771 2087 852 2124 res
871 2063 1067 2146 post-at
1099 2087 1125 2138 ,-
1151 2063 1254 2144 sed
1264 2064 1518 2148 frequen-

173 2161 244 2202 tes
274 2165 510 2207 annates
528 2149 784 2228 ostendere
816 2147 1126 2206 advenienti
1144 2148 1249 2228 regi
1272 2147 1518 2228 volutffe.

176 2226 382 2287 Nabidi
411 2249 618 2308 quoque
663 2227 717 2287 ὃν
735 2226 856 2307 ipfi
884 2223 1202 2304 fhciendum
1242 2249 1269 2284 e
1310 2250 1377 2300 e,
1410 2246 1470 2288 ut
1495 2273 1519 2300 ,

177 2327 308 2384 quas
355 2309 564 2369 haberet
600 2310 788 2390 copias
811 2351 832 2382 ,
862 2327 971 2366 nort
998 2307 1193 2383 finer-et
1268 2308 1337 2364 ub
1376 2311 1523 2367 teflis

179 2386 470 2467 marcescere
497 2389 612 2449 otio
643 2409 671 2462 ‚-
692 2386 796 2467 sed
841 2388 1075 2445 educeret
1090 2431 1115 2457 ,
1152 2385 1207 2446 δ’
1257 2389 1317 2446 in
1352 2390 1520 2446 armis

179 2467 424 2528 decurrere
459 2485 658 2550 cogeret
671 2512 692 2542 ‚
715 2467 886 2546 fimul
918 2468 1135 2525 animos
1170 2486 1377 2527 acueret
1394 2513 1418 2540 ,
1467 2469 1525 2530 6·

179 2567 386 2630 corpora
417 2567 688 2609 exerceret.
719 2545 1106 2624 Confitetudine
1139 2547 1385 2608 leviorem
1428 2550 1524 2611 la·-

185 2627 344 2689 borem
363 2627 487 2710 flm
499 2652 526 2703 ,-
557 2629 614 2690 6·
635 2631 884 2689 comitate
917 2647 986 2686 ac
1012 2628 1337 2708 benignitate
1366 2632 1525 2690 ducis

186 2709 337 2769 etiam
358 2731 468 2772 non
485 2707 834 2790 injucundum
843 2709 968 2786 fieri
993 2706 1159 2788 poffe.
1187 2707 1371 2769 Educi
1386 2710 1526 2770 inde

183 2784 506 2871 ftequenter
535 2804 666 2850 ante
697 2788 900 2848 urbem
925 2789 986 2848 in
1015 2809 1283 2871 campum
1313 2788 1387 2849 ad
1418 2788 1529 2848 Eu-

185 2884 364 2932 totam
400 2889 630 2934 amnem
677 2867 930 2952 coeper'e.
971 2867 1258 2932 satellites
1304 2869 1553 2951 tyranni·
